3409 5300
1769 443 1895 506 154

545 656 661 746 aL,
718 697 821 706 —·-
863 662 1229 746 praeterea
1278 654 1833 747 subrepente.
1920 655 2427 728 Particularum
2480 676 2547 746 q.
2603 655 2669 726 d.
2713 677 2914 726 usum
2967 655 3112 728 alio

545 779 693 850 loco
738 777 1210 848 disseruimus,

716 898 797 970 In
850 896 1290 983 designandis
1344 917 1471 986 per
1520 897 1882 969 litera-rum
1935 897 2192 968 formas
2260 898 2756 987 temporalibus
2821 898 3034 986 quibu
3043 919 3110 968 s-

544 1018 725 1106 dam,
792 1019 864 1087 in
917 1024 1248 1107 quantum
1302 1015 1377 1088 id
1426 1015 1580 1089 fieri
1629 1021 1884 1105 potest,
1949 1038 2192 1090 uocum
2263 1018 2672 1089 differentiis
2733 1017 3108 1106 diligenter

544 1157 709 1210 sane
760 1137 1023 1226 egimus
1076 1143 1147 1207 et
1200 1135 1707 1224 circumspecte,
1765 1136 1888 1207 sed
1921 1158 2049 1226 pro
2083 1137 2639 1227 lexicographiae
2677 1143 2864 1208 statu
2902 1157 3108 1225 prac-

544 1257 743 1330 senti.
848 1258 1029 1328 Nam
1077 1277 1213 1346 quo
1265 1257 1487 1346 magis
1538 1277 1868 1330 excussae
1920 1265 2123 1342 erunt
2189 1277 2232 1327 a
2295 1257 2806 1346 lexicographis
2870 1265 3106 1345 poste-

540 1379 749 1449 rioris
795 1377 1205 1450 literaturae
1256 1377 1493 1466 copiae
1542 1375 1769 1448 adhuc
1819 1375 1976 1464 plus
2042 1375 2232 1446 licito
2296 1378 2682 1466 neglectae,
2749 1398 2831 1448 eo
2896 1376 3104 1465 plura

543 1499 614 1568 in
665 1497 774 1568 his
828 1517 1097 1586 quoque
1147 1496 1403 1567 nostris
1457 1497 1713 1585 corrigi
1758 1502 2087 1585 poterunt
2143 1517 2224 1566 ac
2269 1498 2656 1568 reformari.
2753 1497 3100 1567 Nimirum

542 1617 675 1688 iam
731 1637 910 1686 nunc
956 1615 1161 1686 uideo
1216 1616 1552 1705 quaedam
1601 1615 1673 1684 in
1724 1615 1854 1686 hoc
1905 1638 2157 1703 genere
2216 1637 2366 1688 esse
2418 1617 2865 1705 immutanda,
2923 1637 2982 1687 e.
3038 1639 3094 1687 c.

542 1755 677 1810 non
724 1735 1222 1824 pinguiusculis
1271 1735 1495 1806 literis
1549 1735 1930 1824 scribenda,
1987 1737 2111 1808 sed
2161 1737 2457 1826 obliquis
2498 1738 2834 1809 diductis:
2891 1759 2957 1826 p.
3002 1741 3097 1809 68

543 1855 1165 1946 impoenitem,
1220 1861 1461 1943 utpote
1515 1854 1697 1945 quod
1747 1854 1960 1927 habet
2012 1857 2219 1928 etiam
2272 1856 2500 1928 Rufin.
2551 1858 2624 1926 in
2677 1856 2873 1928 Rom.
2916 1857 3006 1944 II,
3049 1862 3094 1926 4

546 1979 684 2048 ‘eor
756 1976 1255 2066 impoenitens',
1325 1997 1392 2064 p.
1454 1979 1547 2048 63
1618 1976 2484 2047 inconuertibiliter
2547 1977 2804 2069 (Rufin.
2875 1978 3098 2066 princ.

545 2095 633 2182 Π,
694 2099 759 2184 6,
820 2094 893 2184 5)
958 2103 1029 2168 et
1091 2097 1263 2182 alia,
1340 2117 1517 2185 quae
1578 2096 1868 2167 inferius
1935 2097 2226 2167 correxi.
2334 2097 2491 2168 Non
2541 2098 2688 2170 fere
2739 2097 3101 2168 admisisse

542 2237 664 2286 nos
712 2217 783 2286 in
836 2217 1206 2290 laterculos
1257 2216 1728 2305 praediximus
1779 2237 2016 2305 uoceS,
2085 2238 2255 2305 quas
2317 2218 2389 2286 in
2447 2215 2516 2286 S.
2567 2215 2636 2286 S.
2687 2224 2828 2288 uet.
2885 2217 3102 2288 fuisse

542 2337 892 2426 sciremuS,
963 2337 1419 2427 obrepserunt
1488 2344 1720 2408 tamen
1783 2339 1992 2410 etiam
2060 2337 2444 2409 inconsulto
2503 2338 2837 2425 pauculae
2889 2357 3100 2426 quae-

542 2455 723 2546 dam,
773 2463 853 2527 ut
896 2478 965 2546 p.
1027 2460 1169 2528 108
1222 2457 1634 2531 confortare.

719 2661 998 2727 Relectis
1045 2668 1195 2743 post
1240 2662 1695 2747 Hieronymum
1745 2663 2034 2731 Rufini
2081 2666 2340 2745 scriptis
2390 2666 2482 2729 eis
2529 2682 2692 2746 quae
2740 2663 2856 2728 sub
2903 2680 3100 2727 manu

544 2756 731 2816 erant
791 2752 963 2834 (nam
1013 2770 1177 2833 quae
1224 2753 1666 2818 desiderabam
1723 2772 1837 2819 nec
1893 2754 2265 2835 impetraui)
2329 2772 2406 2818 ex
2468 2753 2942 2834 comparatione
3005 2751 3100 2814 in-

542 2838 759 2905 tellexi
802 2842 869 2905 in
915 2840 1243 2923 aliquanta
1291 2840 1651 2907 differentia
1696 2842 2004 2926 saluaque
2051 2863 2168 2908 sua
2213 2843 2472 2925 utrique
2516 2842 2918 2924 proprietate
2957 2860 3100 2921 per-

541 2948 841 3011 magnum
889 2937 1103 2993 tamen
1151 2931 1419 2996 duorum
1466 2931 1982 2997 aduersariorum
2047 2952 2188 2997 esse
2249 2936 2622 2997 concentum
2669 2936 2802 2995 tam
2849 2931 2912 2994 in
2959 2948 3101 2994 sen-

542 3018 719 3083 sibus
766 3036 955 3101 quam
1004 3022 1141 3084 toto
1188 3020 1252 3083 in
1300 3038 1534 3099 genere
1583 3020 1942 3103 eloquendi.
2034 3020 2168 3085 Nec
2229 3040 2380 3086 sane
2441 3020 2780 3085 admodum
2846 3018 3100 3083 mireris

541 3106 883 3187 allegorico
961 3108 1263 3174 historias
1331 3108 1391 3174 S.
1462 3108 1523 3174 S.
1595 3110 2066 3189 interpretandi
2130 3111 2319 3175 modo
2389 3110 2747 3175 consentire
2813 3109 3099 3173 eiusdem

543 3196 841 3277 Origenis
886 3196 1159 3264 alterum
1207 3203 1647 3279 excerptorem
1692 3196 1802 3285 (cf.
1837 3199 2044 3264 Rufin.
2077 3200 2244 3278 apol.
2278 3199 2360 3281 II,
2387 3197 2520 3285 31),
2571 3198 2842 3263 alterum
2891 3203 3100 3262 trans-

540 3284 839 3365 latorem,
900 3304 1018 3351 nec
1076 3286 1296 3365 lingua
1357 3288 1828 3370 uerborumque
1875 3307 1995 3353 usu
2045 3306 2393 3353 consonare
2441 3292 2819 3353 coaetaneos
2867 3304 3099 3367 aequa-

539 3374 816 3457 literque
864 3375 1212 3456 disciplinis
1260 3377 1695 3455 grammaticis
1745 3377 2052 3442 eruditos.
2147 3376 2355 3454 Quare
2401 3396 2518 3459 pro
2565 3376 2851 3441 instituti
2895 3376 3100 3439 nostri

540 3464 809 3541 ratione,
859 3482 987 3545 qua
1032 3482 1158 3529 non
1207 3464 1581 3547 Hieronymi
1628 3485 1745 3547 per
1791 3484 1877 3543 sc,
1943 3467 2056 3530 sed
2101 3486 2218 3546 per
2263 3468 2472 3547 ipsum
2517 3466 2772 3545 linguae
2821 3468 3099 3528 contem-

540 3552 781 3633 poralis
827 3554 1163 3635 appetitur
1208 3553 1269 3615 in
1320 3556 1747 3634 cognitionem
1795 3555 2094 3636 qualitas,
2147 3555 2372 3620 melius
2421 3554 2708 3636 profecto
2739 3551 2974 3633 fuerat,
3023 3554 3096 3633 si,

539 3642 1074 3723 quemadmodum
1121 3640 1329 3707 facere
1380 3644 1736 3723 cogitamus
1799 3644 1862 3707 in
1913 3664 2033 3709 usu
2079 3644 2432 3727 syntactico
2479 3643 2852 3725 Hieronymi
2900 3642 3100 3707 disse-

536 3731 759 3810 rendo,
823 3732 917 3795 ita
977 3732 1041 3795 in
1103 3730 1249 3796 hac
1297 3751 1550 3815 quoque
1597 3738 1784 3813 parte
1832 3734 2176 3798 uerborum
2224 3752 2406 3797 usum
2455 3736 2935 3814 perscrutantes
2981 3750 3100 3811 per

540 3816 793 3899 singula
854 3821 934 3884 ab
997 3821 1179 3886 initio
1241 3820 1453 3886 Rufini
1516 3822 2062 3887 coniunxissemus
2121 3840 2328 3887 usum.
2425 3826 2512 3885 At
2569 3839 2736 3884 nunc
2779 3826 2987 3885 totum
3035 3820 3098 3883 in

540 3907 707 3971 calce
752 3915 1045 3975 retexere
1108 3910 1693 3993 consonantiaeque
1753 3911 1816 3976 in
1871 3912 2088 3977 uerbis
2135 3911 2424 3990 exempla
2468 3929 2630 3991 quae
2681 3909 2944 3975 collecta
2991 3910 3098 3973 ha-

542 3996 761 4061 bemus
836 3998 1111 4079 plurima
1187 3998 1291 4064 hic
1364 4000 1487 4064 loci
1566 3998 1926 4065 subinferre
2002 4001 2416 4065 haesitamus.
2536 3999 2677 4063 Non
2758 4000 2924 4061 enim
3002 4016 3098 4061 se-

538 4080 723 4151 lectis
787 4086 1149 4174 pauculis*)
1226 4090 1573 4171 quidquam
1639 4088 2002 4170 proficitur,
2083 4090 2375 4155 omnibus
2441 4088 2952 4153 testimoniorum
3020 4087 3098 4151 dc-

718 4319 775 4388 *)
811 4318 888 4372 Vt
933 4326 1059 4373 sunt
1108 4320 1515 4374 instrumentum
1562 4338 1661 4389 pro
1706 4326 2081 4376 testamentum
2127 4322 2201 4391 (p.
2239 4320 2333 4391 41)
2381 4320 2558 4373 Rufin.
2605 4318 2748 4385 Orig.
2797 4318 2850 4371 in
2891 4318 2992 4387 Ep.
3031 4318 3097 4373 ad

538 4406 692 4467 Rom.
728 4407 774 4475 Ι,
820 4410 885 4461 18
922 4412 1099 4475 uetus,
1147 4408 1288 4476 apol.
1325 4408 1397 4477 ΙΙ,
1437 4412 1505 4463 33
1544 4409 1807 4480 diuinum,
1857 4410 2150 4480 principale
2187 4410 2362 4465 cordis
2401 4412 2476 4478 (p.
2515 4409 2608 4478 50)
2645 4408 2822 4462 Rufin.
2863 4408 3006 4475 Orig.
3043 4409 3100 4461 in

536 4494 712 4550 Exod.
750 4495 890 4549 hom.
928 4500 977 4565 9,
1017 4500 1051 4549 4
1100 4497 1311 4565 ‘part-3..
1334 4497 1392 4550 in
1429 4514 1527 4551 eo,
1549 4538 1564 4553 .
1587 4498 1971 4567 pretiosissima
2017 4500 2278 4565 omnium,
2337 4497 2480 4566 quod
2536 4497 2753 4565 quidam
2808 4497 3100 4565 principale

538 4584 714 4638 cordis
750 4585 1041 4655 appellant,
1079 4585 1175 4640 alii
1210 4586 1527 4641 rationalem
1563 4602 1775 4641 sensum
1801 4588 1876 4656 (V
1878 4590 2114 4657 emunft)
2149 4596 2246 4643 aut
2279 4588 2692 4642 intellectualem
2727 4586 3096 4651 substantiam,

538 4672 626 4725 uel
661 4687 981 4743 quocunque
1014 4674 1173 4729 modo
1208 4675 1470 4746 appellari
1504 4681 1681 4745 potest
1715 4676 1772 4730 in
1807 4676 1960 4730 nobis
1995 4678 2175 4743 portio
2208 4676 2373 4731 nostri
2411 4675 2521 4749 illa,
2559 4691 2657 4745 per
2683 4690 2843 4745 quam
2870 4690 3098 4743 capaces
