3409 5300
1718 443 1843 504 156

502 654 655 716 sunt
726 649 1001 716 indiculo
1020 703 1037 732 ‚
1116 669 1303 732 quem
1380 649 1531 718 huic
1571 651 1818 721 -libello
1885 653 2322 736 superaddere
2377 669 2508 718 ‚nos
2581 669 2772 733 posse
2849 669 3072 732 spera-

500 757 663 804 muS.
771 738 898 804 Sed
972 740 1039 804 in
1112 740 1645 821 complementum
1727 744 2046 825 quoddam
2107 740 2504 808 uocabularii
2565 741 2772 806 nostri
2839 739 3072 806 Hiero·

500 827 786 912 nymiani
828 827 1119 909 exempla
1165 848 1389 894 uocum
1436 832 1985 911 nouiciarum‚
2037 850 2198 913 quas
2231 849 2372 896 cum
2405 831 2578 910 apud
2608 830 3070 912 Hieronymum

499 934 655 983 non
717 917 1279 982 animaduerterim
1342 921 1515 997 apud
1562 920 1952 987 Rufinum
2013 922 2278 985 inuenta
2336 919 2756 1000 enotauimuS,
2821 919 3070 1000 eodem,

500 1023 627 1087 quo
674 1005 1195 1088 metonymiam,
1258 1009 1445 1073 modo
1508 1009 1780 1092 digesta,
1847 1031 1964 1076 nec
2008 1029 2134 1075 non
2185 1009 2405 1074 eadem
2455 1009 2906 1090 compendiosa
2953 1027 3074 1088 per

498 1093 833 1160 literarum
896 1094 1135 1160 formas
1198 1115 1353 1162 usus
1415 1098 1831 1165 distinctione
1896 1100 2050 1182 (nisi
2110 1099 2282 1180 quod
2329 1097 2792 1179 pinguiusculis
2839 1097 3074 1162 dehinc

500 1183 977 1267 abstinuimus),
1039 1183 1209 1250 infra
1268 1186 1728 1268 descripsimus
1775 1206 1904 1274 (non
1951 1204 2294 1258 admittentes
2337 1203 2452 1256 fere
2502 1217 2612 1270 eas,
2661 1217 2794 1269 quas
2831 1202 2886 1254 in
2925 1202 2978 1255 S.
3015 1201 3072 1255 S.

499 1294 607 1342 uet.
644 1287 941 1343 sciebamus
978 1305 1110 1358 esse,
1146 1291 1341 1345 nedum
1377 1306 1485 1362 eas,
1522 1309 1655 1360 quas
1692 1293 1750 1346 in
1768 1293 1947 1362 Vulg„
1986 1291 2234 1360 pauculis
2272 1297 2452 1346 tamen
2489 1290 2742 1360 exceptiS,
2779 1306 2912 1358 quas
2949 1306 3074 1344 cum

497 1378 781 1447 perpaucis
834 1378 1147 1446 quibusdam
1204 1379 1327 1434 aliis
1374 1397 1482 1434 non
1527 1383 1745 1450 proprie
1790 1397 1856 1436 ac
1903 1381 2064 1450 plane
2109 1380 2360 1449 nouiciis‚
2423 1386 2612 1434 notatu
2665 1385 2846 1432 tamen
2897 1378 3074 1445 dignis

502 1466 782 1522 d‘mtinctas
818 1467 1126 1523 minusculis
1160 1468 1347 1524 formis
1380 1485 1479 1538 per
1514 1486 1710 1538 genera
1745 1471 1956 1539 singula
1991 1468 2495 1538 superadiecimus):

680 1609 1026 1677 alternatio
1088 1609 1308 1698 (App,
1360 1611 1549 1698 Arn.)
1612 1613 1789 1695 Orig.
1856 1617 1922 1680 in
1971 1616 2159 1681 Cant.
2207 1613 2303 1680 III
2363 1633 2424 1696 p.
2474 1619 2557 1678 48
2623 1613 3074 1679 Lemmatzsch

500 1699 654 1764 talis
698 1700 757 1764 ei
803 1701 1032 1780 (grano
1079 1701 1350 1786 sinapis)
1412 1704 1750 1784 composita
1793 1711 1886 1769 est
1931 1704 2262 1769 alternatio
2306 1709 2592 1782 naturae,
2654 1709 2727 1767 ut
2771 1723 2906 1768 cum
2951 1703 3071 1766 mi·-

500 2001 885 2072 Augustinus);
922 2031 991 2041 —
1038 2001 1312 2072 aliquanti
1348 2003 1424 2072 (p.
1462 2003 1577 2074 85),
1627 2010 1689 2058 ut
1723 2004 1866 2074 apol.
1903 2007 1948 2074 I,
1987 2008 2077 2073 23,
2116 2008 2205 2073 40,
2245 2009 2335 2074 41,
2385 2005 2442 2058 in
2479 2005 2567 2058 Ps.
2605 2007 2674 2058 36
2711 2005 2766 2057 h.
2807 2009 2857 2072 1,
2895 2007 2928 2056 2
2963 2003 3088 2072 αις,

508 2121 571 2130 -—
613 2091 669 2144 1⁶
692 2089 935 2145 fortassis
982 2089 1177 2159 (Scrut.
1213 2109 1269 2160 p.
1306 2092 1429 2160 71),
1484 2098 1545 2146 ut
1590 2093 1738 2148 Hier.
1785 2094 1909 2148 adu.
1955 2092 2135 2147 Rufin.
2183 2094 2256 2164 H,
2294 2097 2329 2148 8
2381 2091 2642 2148 ‘fortassis
2687 2098 2742 2146 et
2787 2091 3074 2146 nonnullos

500 2177 677 2244 alios’,
714 2194 873 2246 saepe
908 2178 1111 2248 Rufin.‚
1159 2186 1222 2234 ut
1259 2181 1313 2234 in
1353 2180 1507 2236 Rom.
1543 2183 1616 2250 H,
1657 2185 1691 2236 8
1731 2182 2078 2237 ‘fortassis
2117 2188 2186 2252 et,
2225 2183 2367 2252 quod
2403 2183 2550 2236 Deus
2585 2197 2722 2235 unus
2757 2186 2968 2235 creator
3001 2181 3076 2234 sit

502 2267 753 2336 omnium,
798 2268 1057 2337 scriptum
1102 2275 1183 2323 est
1226 2271 1283 2323 in
1331 2270 1583 2324 cordibus
1628 2270 1904 2340 gentium’,
1953 2272 2009 2324 in
2053 2271 2141 2326 Ps.
2181 2274 2250 2326 38
2285 2272 2341 2324 h.
2384 2276 2431 2341 1,
2470 2273 2505 2324 8
2553 2269 2651 2324 ‘ita
2698 2269 2942 2323 fortassis
2991 2275 3074 2322 est

500 2356 645 2412 uitae
680 2363 896 2411 nostrae
918 2396 933 2411 .
954 2397 969 2412 .
988 2357 1113 2412 finis
1147 2357 1383 2428 quidam,
1421 2365 1641 2428 propter
1676 2375 1834 2428 quem
1872 2367 2128 2428 geruntur
2163 2361 2359 2429 omnia,
2401 2375 2538 2428 quae
2575 2365 2830 2426 geruntur
2866 2360 2924 2411 in
2957 2359 3074 2412 uita

501 2445 719 2515 nostra',
771 2445 827 2498 in
862 2446 1016 2500 Rom.
1052 2448 1097 2514 Ι,
1136 2451 1189 2516 3,
1226 2447 1329 2517 ΠΙ,
1369 2452 1420 2516 4,
1466 2447 1523 2500 in
1558 2449 1735 2502 Exod.
1773 2448 1828 2501 h.
1866 2453 1918 2518 8,
1957 2455 2009 2515 3,
2059 2448 2116 2502 in
2151 2449 2329 2502 Iacuit.
2366 2449 2424 2502 h.
2463 2452 2515 2516 5,
2557 2452 2606 2516 3,
2646 2447 2702 2500 in
2739 2447 2886 2501 Cant.
2923 2447 2978 2500 Π
3013 2463 3069 2514 p.

500 2539 605 2589 412
627 2573 642 2590 .
662 2575 678 2590 .
700 2533 1093 2604 (indifferenter
1129 2535 1451 2589 coniunctim
1491 2541 1564 2590 ‘et
1598 2536 1841 2592 fortassis
1861 2577 1876 2592 .
1899 2577 1913 2591 .
1933 2543 1988 2591 et
2022 2538 2248 2592 fortasse
2268 2575 2282 2589 .
2304 2534 2338 2589 .’
2378 2535 2433 2588 in
2472 2535 2624 2589 Cant.
2647 2535 2730 2588 III
2765 2551 2820 2602 p.
2843 2535 2964 2602 48);
2997 2563 3067 2573 -——

500 2629 563 2679 2α
596 2624 748 2679 iuxta
792 2639 915 2693 pro
959 2624 1249 2679 secundum
1296 2624 1390 2694 (cf.
1429 2624 1643 2680 interim
1677 2626 1838 2681 Hand
1874 2627 2029 2681 Ture.
2067 2626 2148 2681 III
2184 2642 2238 2694 p.
2276 2624 2434 2695 642),
2483 2640 2588 2693 quo
2636 2623 2731 2679 uix
2777 2622 3071 2691 quidquam

498 2730 585 2783 ap.
623 2713 770 2769 Hier.
806 2713 1139 2783 frequentius
1153 2756 1167 2783 ,
1218 2714 1389 2768 ueluti
1437 2729 1483 2768 e.
1532 2730 1579 2769 c.
1615 2716 1738 2770 adu.
1775 2714 1812 2769 J
1815 2718 1956 2769 ouin.
1993 2717 2064 2784 Π,
2105 2720 2172 2770 33
2219 2713 2434 2781 ‘singuli
2479 2714 2668 2767 iuxta
2711 2712 2854 2767 uires
2901 2710 3066 2780 suas’,

498 2819 583 2872 ep.
621 2806 710 2872 96,
748 2807 781 2857 7
834 2801 896 2855 ‘si
942 2801 1099 2855 iuxta
1133 2800 1375 2869 Origenis
1414 2802 1673 2857 insaniam
1694 2843 1707 2856 .
1731 2843 1745 2857 .
1770 2802 1968 2857 Christi
2011 2819 2236 2871 regnum
2285 2808 2366 2856 est
2408 2802 2738 2873 finiendum’,
2787 2817 2868 2870 ep.
2907 2804 2994 2869 52,
3036 2804 3071 2853 4

495 2890 673 2945 ‘iuxta
706 2891 1020 2959 prophetam
1057 2890 1393 2945 Zachariam’
1416 2932 1431 2944 .
1451 2932 1497 2961 .,
1536 2907 1624 2960 ap.
1660 2892 1840 2946 Rufin.
1878 2892 2054 2947 adhuc
2091 2909 2198 2947 non
2235 2891 2432 2960 inueni,
2485 2907 2586 2945 nec
2631 2891 2798 2959 magis
2847 2890 3070 2959 imprae-

498 2978 815 3048 sentiarum,
869 2977 1413 3047 frequentatissimum
1460 2986 1516 3033 et
1550 2980 1727 3049 ipsum
1775 2981 1821 3033 H
1827 2980 2126 3051 ieronym0‚
2186 2989 2248 3035 ut
2301 2998 2347 3035 e.
2397 2996 2444 3035 c.
2491 2980 2546 3034 in
2593 2980 2744 3035 Eccl.
2793 2984 2824 3033 3
2872 2996 2926 3047 p.
2962 2981 3068 3032 409

500 3068 878 3137 ‘plangendum
912 3073 995 3121 est
1031 3068 1685 3140 impraesentiarum,
1722 3076 1783 3124 ut
1816 3076 2005 3139 postea
2039 3071 2234 3125 saltare
2270 3069 2585 3138 ualeamus',
2623 3069 2749 3123 Did.
2777 3068 2907 3137 spir.
2937 3072 3070 3121 snct.

499 3160 567 3212 59
605 3157 743 3211 ‘cum
780 3156 1271 3225 impraesentiarum
1310 3158 1389 3227 (h.
1415 3174 1461 3213 e.
1500 3158 1555 3211 in
1582 3158 1702 3212 loco
1734 3159 1896 3213 Amos
1923 3162 1976 3229 4,
2009 3160 2100 3228 12)
2137 3160 2360 3227 spiritus
2395 3174 2589 3213 nomen
2613 3148 2844 3211 'uentum
2883 3155 3072 3217 sonet’,

500 3276 565 3286 -—
605 3261 672 3300 ne
708 3246 953 3316 forsitan,
990 3246 1037 3300 si
1074 3246 1325 3317 forsitan,
1375 3254 1437 3301 ut
1482 3248 1604 3302 adu.
1642 3247 1808 3315 vigil.
1851 3252 1915 3301 13
1967 3248 2244 3303 ‘confiteor
2287 3249 2532 3303 timorem
2569 3263 2766 3313 meum,
2815 3261 2890 3300 ne
2937 3244 2966 3297 f
2971 3262 3070 3299 or-

498 3335 676 3389 sitan
712 3336 780 3389 de
814 3336 1003 3389 timore
1041 3335 1368 3405 descendat',
1408 3336 1464 3389 in
1499 3336 1699 3391 Ezech.
1739 3338 1788 3391 V
1825 3336 1897 3391 ad
1938 3342 2023 3406 17,
2053 3342 2118 3393 19
2154 3354 2270 3407 sqq.
2311 3338 2382 3391 ‘si
2418 3336 2714 3391 forsitan
2753 3335 2818 3389 ob
2853 3334 3072 3403 aliquod

497 3429 773 3491 peccatum
798 3424 865 3477 de
904 3424 1059 3477 domo
1089 3424 1189 3477 Dei
1230 3424 1493 3491 eicimur’,
1533 3425 1838 3481 huiusmodi
1877 3427 2084 3481 absol.
2121 3428 2198 3495 (p.
2229 3428 2339 3497 80),
2376 3442 2538 3494 porro
2583 3440 2848 3493 nusquam
2885 3439 3072 3477 uocem

496 3511 963 3565 familiarissimam
984 3510 1311 3580 Hieronymo
1332 3512 1364 3545 ’⁸
1385 3512 1673 3567 laciniosus
1697 3514 1774 3583 (p.
1795 3515 1888 3583 52)
1910 3520 1964 3567 et
1981 3514 2114 3583 alia3
2136 3542 2204 3553 -—
2225 3517 2286 3567 21>
2315 3516 2542 3569 necdum
2561 3530 2658 3583 pro
2678 3514 2913 3567 nondum
2933 3512 3072 3579 (Scr.

496 3617 550 3668 p.
590 3604 660 3654 64
696 3616 777 3669 sq.
816 3606 870 3653 et
909 3600 1028 3669 11³1,
1069 3602 1150 3655 M.
1187 3618 1240 3669 p.
1279 3604 1427 3671 599),
1462 3618 1582 3656 cum
1619 3618 1705 3670 ap.
1735 3601 1883 3656 Hier.
1912 3618 2292 3670 usquequaque
2331 3602 2548 3656 obuium
2575 3604 2664 3669 sit,
2703 3607 2766 3655 ut
2799 3617 2846 3655 e.
2873 3617 2920 3655 c.
2947 3600 3072 3655 adu.

495 3688 677 3744 Jouin.
704 3690 748 3759 I,
787 3694 856 3744 47
888 3690 1029 3743 ‘cum
1065 3690 1196 3743 mihi
1232 3691 1481 3745 mulieres
1516 3691 1767 3759 Apostoli
1805 3690 2049 3758 ingerant
2084 3691 2472 3757 auctoritatem,
2513 3697 2579 3745 et
2615 3691 2892 3745 necdum
2928 3690 3070 3743 elato

496 3778 681 3833 funere
697 3778 889 3846 prioris
908 3778 1013 3832 uiri
1034 3778 1299 3846 digamiae
1316 3786 1606 3848 praecepta
1626 3778 1944 3849 decantent',
1972 3780 2113 3847 apud
2134 3780 2390 3833 Rufinum
2415 3779 2510 3833 uix
2532 3796 2758 3848 usquam
2777 3779 3068 3846 inuenitur,

497 3866 600 3918 nisi
638 3871 816 3920 tamen
852 3867 909 3920 in
946 3868 1099 3921 Cant.
1132 3868 1216 3922 III
1252 3886 1307 3937 p.
1346 3872 1415 3921 28
1462 3868 1636 3938 ‘istos,
1684 3868 1776 3937 qui
1823 3868 1937 3921 solo
1985 3868 2146 3922 odore
2183 3867 2417 3935 gaudent
2453 3874 2518 3922 et
2553 3868 2829 3921 necdum
2866 3868 3070 3921 fructus

498 3952 625 4006 fidei
658 3953 925 4023 afferunt’,
956 3971 1095 4009 —nam
1138 3956 1278 4025 prol.
1314 3957 1369 4010 in
1408 3957 1557 4011 Cant.
1604 3972 1657 4024 p.
1694 3959 1801 4010 320
1849 3956 1963 4009 ‘rex
2009 3971 2124 4009 esse
2172 3956 2367 4010 dicitur
2415 3956 2472 4009 in
2507 3956 2702 4024 Israel,
2749 3956 2978 4010 necdum
3012 3954 3072 4007 in

496 4041 847 4097 Hierusalem’
895 4045 1120 4099 necdum
1166 4045 1381 4099 uidetur
1426 4060 1541 4099 esse
1578 4068 1649 4089 ==
1684 4045 1777 4099 sed
1827 4046 2092 4115 nondum3
2131 4076 2199 4085 --
2249 4046 2564 4101 alterutrum
2610 4046 2783 4099 instar
2827 4060 3070 4113 pronom.

496 4131 839 4199 reciproci
896 4135 973 4204 (p.
1014 4135 1105 4205 79)
1156 4135 1237 4189 bis
1286 4150 1372 4202 ap.
1411 4132 1588 4188 Rufin.
1637 4134 1822 4188 inueni
1869 4136 1925 4187 in
1973 4135 2127 4189 Rom.
2179 4136 2280 4205 III,
2329 4138 2362 4189 6
2411 4136 2505 4189 ‘ita
2547 4136 2618 4189 ad
2667 4135 3070 4189 alterutrum

498 4220 721 4291 dicunt’,
758 4221 813 4275 in
850 4223 1027 4293 Symb.
1064 4240 1146 4291 pr.
1184 4227 1237 4291 2,
1274 4221 1391 4291 ipse
1425 4222 1756 4291 pronominis
1785 4239 1894 4293 pro
1945 4222 2086 4277 idem
2133 4222 2377 4277 abusioni
2414 4223 2579 4276 multo
2618 4238 2779 4290 quam
2803 4222 2952 4275 Hier.
2990 4224 3071 4291 (p.

497 4311 611 4380 87),
652 4312 1035 4380 temperantius
1072 4327 1135 4367 ae
1170 4312 1344 4367 rarius
1383 4310 1669 4365 indulsisse
1704 4310 1978 4381 Rufinum,
2013 4317 2073 4365 ut
2108 4314 2164 4365 in
2205 4314 2357 4367 Cant.
2384 4313 2440 4366 II
2464 4329 2518 4380 p.
2549 4316 2649 4365 371
2693 4311 2850 4379 ‘ipse
2887 4324 3070 4364 nume·

498 4412 589 4454 rus
626 4414 887 4455 annorum
924 4402 1003 4471 (b.
1041 4418 1088 4455 e.
1128 4402 1255 4470 120)
1293 4406 1348 4454 et
1386 4400 1553 4455 Mosis
1588 4400 1736 4455 uitae
1771 4400 1914 4471 fuit’,
1953 4401 2008 4453 in
2045 4402 2198 4456 Rom.
2237 4403 2360 4467 VII,
2407 4407 2458 4470 1,
2505 4401 2561 4453 in
2597 4401 2758 4455 Num.
2795 4401 2850 4453 h.
2893 4405 2976 4469 17,
3013 4404 3068 4485 3,

497 4486 721 4543 fortasse
775 4488 831 4542 in
890 4488 1039 4543 Rom.
1086 4489 1183 4557 IV,
1231 4493 1283 4559 2,
1332 4489 1390 4544 id
1434 4488 1609 4558 ipsum
1661 4488 1718 4542 in
1773 4490 1944 4543 Rom-
1974 4490 2106 4559 VH,
2161 4494 2193 4543 2
2242 4490 2404 4558 ‘quod
2451 4489 2605 4545 addit
2651 4487 2844 4543 ‘Abba‘
2895 4489 2971 4557 (h.
3019 4505 3068 4543 e.

498 4574 643 4643 quod
688 4576 821 4631 dicit
864 4577 1018 4632 Rom.
1062 4580 1113 4647 8,
1156 4580 1220 4631 15
1268 4576 1439 4647 Abba,
1488 4578 1673 4647 Pater)
1719 4578 1924 4646 patriae
1959 4577 2172 4645 linguae
2207 4579 2468 4633 uocabulo
2505 4578 2792 4647 idipsum
2833 4577 3066 4649 iterauit,

499 4664 651 4719 uelut
683 4664 731 4719 si
758 4665 1005 4723 dixisset:
1057 4667 1255 4739 ‘Pater,
1296 4667 1523 4737 Pater-P,
1560 4672 1617 4721 et
1650 4666 1729 4721 sic
1763 4666 1889 4722 alia.
