3409 5300
1653 411 1691 470 7

396 649 492 718 sp
511 627 746 699 ereio
771 623 888 717 ⁹⁵),
943 621 1595 712 disseminatio,
1649 621 2091 714 dissentiam),
2146 616 2421 703 dolatio
2462 619 2589 717 (2),
2642 621 2963 698 welme-

397 748 604 819 citio
672 739 810 838 (4),
891 737 1307 840 edissertio,
1381 742 1805 834 effeminatio
1821 742 1936 834 ⁵⁷),
2032 737 2351 822 effetatio
2372 743 2452 835 58)
2472 799 2493 834 ,
2566 739 2833 828 efflatio
2854 746 2959 836 59),

396 862 756 964 enutritio,
793 863 1422 954 eradicatioffl),
1475 861 2033 957 exacerbatio‘1),
2078 866 2650 961 exaltatio⁶²),
2690 890 2963 942 excau-

395 983 749 1085 dit4063),
804 978 1351 1064 ⁸⁰oxccruicatio
1373 980 1476 1075 64),
1515 986 2453 1078 excommunicatioffi),
2496 985 2829 1070 excussio
2847 991 2950 1084 66),

396 1108 960 1182 exhilaratio
1018 1098 1148 1197 (4),
1205 1099 1667 1206 expansioffl),
1739 1105 2420 1199 eaespoliatioffl),
2491 1111 2963 1201 exsuffla-

397 1227 638 1319 tio⁶⁹),
719 1222 1250 1313 extensi070),
1333 1218 1787 1315 0110ῐεί071),
1854 1223 2387 1318 falsatiow),
2464 1228 2765 1319 ⁹⁰fixio
2842 1234 2957 1324 (cf.

398 1348 642 1440 48)⁷³)‚
695 1340 982 1442 floritio,
1029 1341 1668 1434 foederatio⁷⁴)‚
1735 1345 1989 1433 fruitio
2036 1349 2105 1438 (o
2154 1368 2223 1436 p.
2284 1343 2429 1447 10),
2487 1352 2957 1440 genicula-

394 1473 556 1558 tio,
621 1463 1154 1559 glorificatioff),
1222 1462 1878 1555 humiliatio⁷‘³),
1945 1466 2170 1539 illatio
2188 1467 2290 1557 ⁷⁷),
2342 1464 2565 1549 illisio
2584 1467 2685 1562 ⁷8),
2742 1472 2959 1542 illu-

394 1590 764 1662 minatio
783 1585 886 1678 79),
935 1582 1392 1678 ¹⁰⁰illuuio⁸⁰)‚
1464 1580 1997 1684 immemoratio,
2062 1581 2399 1688 impactio
2420 1587 2521 1680 81),
2595 1585 2956 1691 impertur-

393 1707 592 1791 batio
649 1719 1037 1810 (ἀπάθεια),
1102 1703 1656 1800 ἱηηοῐετὶοθῖ),
1722 1708 2362 1802 180881811083),
2438 1709 2957 1803 incarnatioffi),

397 1979 466 2031 22
513 1974 788 2045 palearum
835 1979 890 2028 et
933 1971 1190 2028 frumenti
1235 1972 1304 2026 al.
1349 1970 1417 2039 (D
1457 1985 1510 2039 p.
1549 1969 1695 2038 269).
1771 1970 1864 2038 55)
1913 1969 1969 2024 in
2015 1969 2213 2025 Ezeeh.
2254 1971 2308 2024 II
2355 1971 2423 2026 ad
2462 1977 2493 2026 5
2532 1973 2604 2028 in.
2643 1974 2890 2043 ‘populus
2908 2016 2922 2031 .
2944 2015 2959 2031 .

397 2063 596 2132 gladio,
637 2061 940 2131 captiuitati
977 2077 1040 2116 ac
1077 2058 1394 2129 dispersioni
1427 2057 1698 2127 traditur’,
1740 2057 1795 2112 in
1832 2058 1943 2112 Jer.
1981 2059 2035 2111 ΙΙ
2071 2059 2139 2114 ad
2182 2065 2265 2128 10,
2308 2064 2371 2114 21
2412 2061 2479 2117 al.
2574 2064 2667 2132 56)
2716 2063 2773 2118 in
2807 2063 2959 2120 Eccl.

397 2157 429 2208 3
487 2152 589 2206 col.
645 2154 750 2205 408
811 2151 1053 2206 latiorem
1107 2164 1270 2217 super
1322 2147 1410 2202 his
1469 2146 1839 2202 dissertionem
1895 2147 2109 2202 lectoris
2166 2148 2379 2216 ingenio
2435 2150 2835 2221 derelinquens,
2903 2153 2959 2206 in

395 2240 512 2296 Gal.
549 2241 576 2294 I
615 2239 684 2296 ad
725 2245 774 2308 1,
819 2243 902 2308 14,
941 2254 1026 2308 ep.
1061 2241 1151 2307 48,
1196 2239 1261 2291 16
1297 2237 1368 2291 al.
1405 2235 1610 2307 (Gen),
1650 2235 1870 2304 interpr.
1910 2235 2053 2305 Orig.
2090 2236 2147 2290 in
2188 2241 2211 2290 1
2252 2237 2393 2292 Sam.
2468 2239 2559 2310 57)
2597 2240 2653 2293 in
2690 2239 2865 2296 Naum
2904 2245 2956 2310 3,

400 2333 464 2384 13
502 2345 622 2398 sqq.
670 2328 726 2381 in
771 2327 1215 2382 effeminationem
1259 2325 1468 2381 animae
1511 2341 1639 2380 suae
1674 2325 1746 2379 al.
1830 2325 1923 2394 58)
1971 2325 2027 2378 in
2061 2326 2200 2379 Dan.
2242 2331 2325 2396 13,
2367 2331 2399 2381 7
2436 2334 2639 2397 septem
2674 2329 2802 2385 anni
2836 2331 2958 2386 effe·

393 2417 615 2472 rationis
660 2416 774 2470 eius
823 2416 986 2485 (regis
1033 2413 1570 2482 Nabuchodonosor),
1620 2417 1673 2481 4,
1724 2417 1793 2467 23
1844 2414 1914 2467 al.
1989 2415 2081 2483 59)
2128 2415 2251 2470 adu.
2300 2416 2484 2472 Jouin.
2522 2417 2595 2486 II,
2642 2422 2707 2472 12
2744 2418 2812 2475 81.
2850 2418 2959 2490 (c).

396 2507 488 2575 60)
536 2507 592 2559 in
637 2506 800 2560 Amos
847 2505 874 2558 I
917 2503 987 2560 ad
1039 2509 1086 2572 1,
1127 2507 1160 2558 6
1197 2519 1314 2573 sqq.
1349 2504 1420 2558 al.
1505 2504 1599 2572 61)
1651 2517 1737 2571 ep.
1780 2506 1900 2571 106,
1940 2507 2033 2558 67:
2073 2504 2237 2572 legite
2272 2505 2546 2573 Ezechiel,
2586 2512 2641 2561 et
2674 2506 2959 2563 inuenietis

397 2584 950 2665 παραπικρασμός
985 2592 1335 2647 irritationem
1372 2597 1426 2647 et
1462 2591 1923 2648 exacerbationem
1948 2607 2157 2662 semper
2186 2609 2491 2663 expressum
2530 2595 2695 2664 (Vict.
2724 2597 2957 2668 Petam),

393 2684 487 2740 alii
521 2686 622 2754 (2).
695 2685 790 2754 62)
825 2685 1010 2737 chron.
1047 2682 1180 2737 Eue.
1217 2682 1318 2737 col.
1357 2686 1426 2737 38
1464 2680 1814 2737 exaltationes
1840 2681 2095 2747 siderum,
2136 2698 2219 2751 ep.
2249 2686 2336 2748 65,
2367 2688 2400 2737 9
2440 2683 2630 2739 ‘forma
2657 2685 2800 2740 serui
2836 2702 2954 2754 pas-

393 2773 556 2827 sionis
592 2774 788 2829 iniuria
820 2779 920 2841 est,
961 2780 1016 2828 et
1049 2772 1306 2828 exaltatio
1341 2770 1674 2839 nominisque
1712 2770 1927 2826 donatio
1963 2772 2031 2826 ad
2071 2772 2285 2826 Patrem
2322 2772 2501 2840 redit’,
2542 2773 2597 2827 in
2633 2774 2731 2828 Ez.
2767 2775 2843 2827 IX
2884 2776 2952 2831 ad

395 2867 483 2931 30,
518 2868 542 2917 1
571 2880 687 2933 sqq.
725 2862 984 2917 iactantia
1020 2868 1075 2915 et
1108 2860 1458 2915 exaltationes
1483 2861 1551 2915 al.
1577 2860 1779 2930 (Cypr.,
1810 2858 1913 2913 Th.
1944 2859 2152 2930 Prisc„)
2190 2861 2340 2915 Paul.
2371 2862 2495 2929 Nol.
2532 2868 2587 2917 et
2624 2863 2759 2932 freq.
2797 2865 2950 2925 eccl„

394 2953 631 3008 Chalcid.
704 2954 796 3022 63)
843 2968 982 3005 nom.
1020 2952 1170 3005 hebr.
1208 2949 1309 3004 col.
1351 2954 1443 3019 16,
1493 2948 1550 3003 in
1586 2950 1721 3005 Osee
1756 2950 1784 3002 Ι
1820 2949 1891 3004 ad
1939 2954 1990 3018 2,
2032 2954 2101 3004 20
2137 2966 2273 3025 sqq„
2312 2952 2469 3019 Vulg.
2544 2953 2636 3021 64)
2683 2952 2739 3005 in
2777 2953 2951 3007 Naum

395 3046 448 3109 3,
497 3048 521 3096 1
573 3024 1106 3109 (ἕξαυχενισμός).
1185 3041 1278 3109 65)
1323 3040 1447 3095 adu.
1483 3039 1660 3093 Rufin.
1698 3040 1770 3106 ΙΙ,
1810 3044 1874 3092 21
1915 3037 1984 3093 81.
2068 3039 2161 3107 66)
2208 3055 2349 3095 nom.
2400 3040 2548 3095 hebr.
2598 3042 2701 3095 col.
2740 3046 2801 3095 71
2846 3043 2952 3097 ‘ex-

393 3130 586 3199 cussio,
625 3146 785 3199 quam
823 3130 1012 3186 Graeci
1047 3114 1364 3197 ἔκκρθυμα
1409 3127 1623 3183 uocant’
1661 3129 1750 3196 81.,
1790 3129 1948 3196 Vulg.
1998 3128 2098 3197 (2).
2182 3129 2274 3196 67)
2324 3129 2377 3182 in
2425 3128 2521 3183 Ez.
2561 3131 2609 3183 V
2647 3131 2716 3185 ad
2759 3135 2842 3198 16,
2882 3136 2951 3187 27

393 3236 582 3275 manus
620 3220 738 3289 Dei,
777 3218 907 3273 Arn.
945 3218 1071 3285 iun„
1111 3218 1171 3271 G.
1207 3218 1340 3271 Aur.
1413 3217 1506 3286 68)
1543 3216 1664 3272 adu.
1701 3217 1885 3271 Jouin.
1922 3219 1966 3281 Ι,
2009 3220 2077 3271 38
2116 3217 2184 3272 81.
2225 3218 2325 3286 (2).
2400 3218 2492 3286 69)
2532 3218 2586 3271 in
2624 3219 2857 3275 Malach.
2901 3226 2949 3287 1,

397 3314 464 3364 10
498 3324 615 3379 sqq.
657 3306 997 3363 ‘exsufflastis
1045 3312 1225 3361 uestra
1271 3305 1563 3375 sacrificia,
1614 3306 1668 3359 id
1705 3306 1783 3364 esl
1818 3304 2193 3360 exsufflatione
2230 3321 2348 3359 mea
2383 3305 2546 3373 digna
2581 3305 2808 3361 fecistis'
2848 3308 2950 3377 (4).

393 3400 485 3468 70)
523 3415 606 3468 ep.
635 3402 723 3468 36,
770 3402 833 3453 16
870 3414 1142 3466 manuum,
1196 3397 1250 3450 in
1288 3395 1455 3449 Abac.
1493 3396 1519 3448 Ι
1554 3394 1624 3449 ad
1661 3399 1711 3463 2,
1750 3398 1783 3449 5
1818 3411 1936 3463 sqq.
1975 3394 2244 3463 ‘superbia
2290 3395 2346 3447 in
2392 3395 2698 3450 extensione
2734 3396 2861 3451 colli
2899 3406 2954 3451 et

391 3488 615 3545 ceruicis
652 3488 918 3545 erectione
955 3486 1317 3555 monstratur’,
1347 3485 1403 3539 in
1426 3486 1496 3539 Is.
1523 3485 1629 3537 XII
1654 3484 1725 3538 ad
1750 3488 1838 3551 44,
1879 3488 1949 3537 24
1984 3498 2120 3553 sqq„
2153 3484 2225 3538 al.
2263 3500 2315 3552 q.
2352 3484 2635 3553 productio
2670 3486 2951 3555 (syllabae)

392 3580 447 3633 in
485 3580 591 3633 Tit.
633 3584 718 3649 «3,
755 3583 846 3649 9»,
885 3578 954 3634 cf.
992 3582 1241 3633 extensus
1276 3591 1417 3630 nom.
1452 3574 1554 3629 loc.
1583 3573 1732 3628 hebr.
1770 3573 1870 3627 col.
1900 3577 2001 3627 134
2029 3573 2100 3627 al.
2173 3573 2265 3641 71)
2304 3573 2359 3627 in
2389 3573 2583 3629 Matth.
2619 3576 2677 3627 «Ι
2703 3574 2773 3629 ad
2800 3578 2852 3642 8,
2882 3580 2953 3631 30

390 3685 502 3737 sq.»
543 3667 871 3723 necessitatis
899 3667 957 3736 (i.
983 3666 1126 3736 quod
1155 3670 1501 3733 extorquetur
1527 3662 1880 3729 necessitate).
1955 3662 2046 3730 72)
2084 3662 2206 3716 adu.
2236 3662 2415 3717 Rufin.
2444 3663 2515 3732 II,
2558 3666 2624 3717 18
2660 3663 2749 3731 81.,
2791 3663 2951 3733 intpr.

391 3758 529 3813 Iren.
605 3758 697 3826 73)
746 3760 802 3811 in
848 3756 1047 3811 Ezech.
1095 3756 1236 3809 hom.
1288 3760 1336 3824 1,
1379 3757 1412 3808 5
1459 3752 1514 3807 in
1559 3750 2019 3807 tabernaculorum
2067 3748 2265 3804 fixione
2314 3750 2415 3820 (4).
2502 3752 2594 3821 74)
2632 3766 2714 3821 ep.
2758 3757 2876 3820 117,
2918 3758 2949 3807 2

394 3848 586 3901 ‘mater
611 3854 665 3901 et
687 3846 834 3901 filia.
857 3846 1110 3902 ,uincula
1143 3850 1384 3913 naturae,
1423 3843 1660 3898 secunda
1695 3845 1817 3908 post
1852 3839 2023 3891 Deum
2060 3839 2371 3893 foederatio’
2411 3840 2511 3909 (5).
2586 3841 2679 3910 75)
2717 3842 2840 3897 Did.
2868 3858 2950 3911 sp.

390 3942 486 3992 set.
533 3940 620 4004 38,
672 3936 727 3990 in
775 3935 975 3991 Ezech.
1012 3936 1146 3989 VIII
1179 3935 1248 3990 ad
1286 3937 1375 4003 27,
1418 3935 1486 3987 25
1523 3933 1600 3999 (n.
1642 3928 1732 3996 10)
1770 3927 1840 3981 81.
1912 3926 2003 3994 76)
2050 3928 2173 3982 adu.
2211 3928 2391 3983 souin.
2430 3930 2501 3998 Π,
2547 3933 2611 3983 15
2664 3931 2752 3999 81.,
2792 3930 2950 3998 Vulg.

392 4026 484 4093 77)
532 4024 587 4077 in
633 4024 730 4079 Ez.
771 4024 903 4078 VIII
941 4025 1008 4079 ad
1046 4026 1134 4095 27,
1174 4026 1237 4075 21
1283 4020 1506 4075 ‘Arabia
1539 4025 1594 4073 et
1627 4017 1898 4087 principes
1936 4015 2106 4070 Oedar
2126 4057 2139 4071 .
2166 4056 2179 4071 .
2220 4016 2349 4086 Tyri
2394 4018 2661 4073 nundinas
2695 4020 2797 4073 hac
2837 4020 2951 4073 illa-

389 4112 532 4167 tione
569 4111 941 4181 multiplicant’
980 4113 1019 4178 (.
1039 4152 1053 4166 .
1073 4096 1269 4165 Nouat.
1307 4109 1410 4163 cib.
1439 4106 1564 4164 Jud.
1595 4111 1656 4166 2:
1694 4106 1909 4161 diuinae
1948 4105 2081 4173 legis
2119 4120 2416 4173 congruens
2456 4112 2510 4161 et
2545 4106 2801 4175 spiritalis
2834 4107 2951 4162 illa-

389 4201 483 4271 tio,
523 4202 698 4271 Arm),
736 4202 806 4256 al.
835 4202 955 4256 Val.
984 4216 1071 4270 ap.
1098 4201 1259 4269 ch„
1296 4198 1390 4253 alii
1431 4197 1532 4267 (4).
1607 4193 1698 4262 78)
1724 4210 1821 4262 ep.
1852 4198 1939 4261 43,
1974 4198 2005 4247 3
2046 4194 2223 4249 ‘nauis
2256 4196 2597 4263 scopulorum
2634 4194 2951 4251 illisionibus

389 4288 700 4359 perforata’,
739 4292 828 4359 98,
870 4293 934 4343 19
975 4288 1211 4343 dentium
1249 4288 1320 4343 al.
1394 4288 1486 4357 79)
1523 4286 1580 4341 in
1615 4283 1812 4339 Ezech.
1850 4283 1991 4336 hom.
2024 4287 2109 4351 11,
2143 4288 2167 4336 1
2213 4283 2278 4337 ‘si
2314 4282 2527 4353 quando
2564 4283 2951 4340 illuminatione

390 4378 713 4447 indiguimus
750 4378 1002 4433 scientiae
1033 4378 1154 4447 Dei,
1193 4394 1332 4432 nunc
1355 4418 1368 4432 .
1391 4418 1403 4431 .
1424 4372 1723 4433 necessarie
1761 4369 2095 4439 indigemus’,
2136 4372 2191 4425 in
2218 4372 2287 4426 Is.
2324 4373 2467 4426 hom.
2499 4376 2551 4439 2,
2586 4378 2610 4426 1
2645 4372 2714 4427 81.
2770 4372 2863 4440 80)
2894 4372 2948 4426 in

388 4466 527 4521 Joel.
567 4472 621 4533 2,
664 4472 688 4520 1
740 4483 856 4536 sqq.
909 4462 1254 4522 inundatione
1300 4466 1462 4521 maris
1507 4472 1602 4521 aut
1647 4460 1905 4520 illuuione
1950 4459 2245 4515 fluminum.
2318 4463 2413 4530 81)
2463 4460 2518 4514 in
2555 4461 2753 4515 Matth.
2791 4460 2844 4513 II
2879 4461 2948 4515 ad

394 4551 477 4615 15,
521 4552 604 4602 12.
677 4549 770 4617 82)
807 4549 943 4616 Aug.
981 4548 1036 4601 in
1073 4548 1258 4603 Ioann.
1295 4554 1362 4603 tr.
1403 4552 1489 4618 17,
1534 4552 1616 4602 13.
1690 4550 1785 4617 83)
1823 4549 1877 4601 in
1917 4550 1986 4603 Is.
2025 4550 2079 4602 II
2114 4548 2184 4603 ad
2222 4554 2275 4616 3,
2316 4554 2349 4603 3
2388 4548 2578 4603 ‘omnis
2612 4563 2787 4602 sermo
2822 4564 2947 4616 apo-

387 4636 512 4691 stoli
549 4640 738 4691 contra
771 4643 1044 4706 serpentes
1077 4642 1133 4691 et
1165 4636 1379 4706 aspides
1416 4636 1706 4693 incantatio
1742 4636 1863 4706 est’,
1902 4638 1985 4691 ΙΙΙ
2020 4638 2089 4692 ad
2128 4642 2181 4706 8,
2226 4642 2291 4692 19
2327 4638 2397 4691 al.
2469 4638 2565 4705 84)
2603 4638 2727 4691 adu.
2765 4636 2947 4691 Jouin.
