3409 5300
1480 579 1505 583 ἡ
1544 491 1661 549 141

318 701 393 770 in
424 721 626 790 quem
652 721 757 788 ep.
794 703 911 787 39,
949 704 991 770 2
1032 683 1352 788 longaeui
1386 701 1619 788 patris
1647 685 1900 771 delicta
1925 699 1996 769 in
2025 701 2451 771 innocentem
2483 699 2880 787 infantiam3

326 861 411 871 —-—
447 821 813 908 *reputare
840 821 1164 890 transl.
1208 839 1273 909 q.
1302 821 1669 910 imputare,
1710 821 2095 891 attribuere
2129 807 2196 890 ⁷c.
2229 819 2464 908 Pelag.
2502 821 2558 907 I,-
2591 823 2682 890 33
2729 822 2884 888 ‘non

325 996 338 1009 .
377 995 390 1009 .
421 941 769 1010 incentiua
802 940 1133 1012 uitiorum
1170 947 1585 1029 reputantur
1618 942 2128 1029 in'peccatum’,
2159 939 2232 1008 in
2269 939 2448 1027 Agg.
2488 944 2550 1027 1,
2585 943 2626 1010 3
2661 939 2900 1027 ‘quasi-

320 1081 457 1128 non
516 1060 756 1146 fuerit,
829 1065 1193 1147 reputatur
1262 1062 1333 1130 in
1400 1059 1740 1150 nihilum’,
1813 1083 1866 1132 c.
1927 1059 2162 1148 Pelag.
2214 1057 2339 1147 ΙΙΙ,
2401 1062 2444 1128 8
2503 1059 2589 1129 ‘ei
2641 1065 2886 1128 cuncta

323 1182 767 1267 reputamus’,
821 1201 980 1267 quu.
1040 1179 1233 1250 hebr.
1292 1181 1359 1250 in
1410 1179 1584 1252 Gen.
1652 1185 1764 1269 12,
1825 1186 1892 1267 4,
1945 1181 2016 1250 in
2053 1179 2308 1250 Matth.
2363 1175 2429 1248 II
2483 1179 2570 1248 ad
2634 1183 2745 1266 13,
2789 1183 2884 1248 37

322 1320 468 1387 sqq.
528 1298 642 1386 aL,
712 1297 935 1368 Rufin.
994 1297 1187 1388 Orig.
1242 1301 1314 1369 in
1367 1300 1594 1371 Leuit.
1640 1301 1834 1370 hom.
1895 1303 1964 1388 8,
2025 1303 2066 1371 6
2124 1299 2456 1388 ‘reputari
2527 1299 2592 1368 'ei
2653 1317 2885 1386 pecca-

326 1417 519 1506 tum’,
592 1417 686 1487 al.
758 1439 940 1506 pass,
1004 1439 1059 1489 c.
1130 1441 1312 1490 nom.
1383 1421 1618 1509 praed.
1691 1420 1848 1491 adu.
1916 1419 2146 1491 Jouin.
2197 1419 2251 1501 Ι,
2317 1421 2412 1487 15
2483 1418 2669 1506 ‘quia
2727 1422 2888 1504 post

326 1537 689 1626 baptisma,
748 1539 1019 1608 etiamsi
1070 1541 1284 1610 tertia
1334 1546 1404 1610 et
1457 1547 1707 1629 quarta
1757 1561 1932 1610 uxor
1983 1518 2230 1623 fuerit,
2274 1539 2470 1626 quasi
2525 1538 2749 1625 prima
2785 1555 2887 1606 re-

327 1659 671 1746 putetur'3
746 1657 895 1728 sim.
954 1658 1311 1748 deputare,
1384 1661 1503 1731 sed
1575 1666 1734 1748 post
1783 1681 1868 1748 pr
1921 1661 2160 1752 (etiam
2211 1657 2426 1745 Te·rt.,
2479 1657 2561 1726 cf.
2616 1655 2888 1727 Ronsch

330 1778 415 1846 It.
472 1797 540 1865 p.
602 1776 803 1866 358),
858 1784 939 1849 ut
984 1778 1052 1847 in
1100 1777 1354 1849 Matth.
1411 1779 1478 1848 II
1534 1779 1619 1849 ad
1681 1783 1795 1867 12,
1871 1783 1962 1848 25
2035 1778 2416 1848 ‘Pharisaei
2481 1797 2692 1866 opera
2759 1776 2890 1848 Dei

329 1897 625 1984 principi
676 1896 1188 1968 daemoniorum
1242 1899 1713 1986 deputabant’,
1773 1920 1829 1968 c.
1887 1896 2121 1969 Ioann.
2175 1903 2216 1969 9
2293 1897 2445 1978 ‘tibi
2497 1898 2885 1980 ueritatem,

225 2019 231 2024 '
330 2015 436 2084 illi
488 2015 918 2086 mendacium
974 2016 1356 2105 deputare’,
1414 2019 1572 2088 adu.
1629 2018 1862 2089 Jouin.
1915 2017 2004 2105 II,
2060 2022 2154 2088 36
2214 2021 2362 2106 ‘pro
2409 2005 2665 2105 magna
2709 2017 2890 2104 sapi-

332 2137 519 2207 entia
566 2136 878 2224 deputaS,
938 2137 997 2206 si
1038 2137 1274 2224 plures
1323 2138 1514 2226 porci
1558 2145 1718 2227 post
1761 2145 1832 2209 te
1886 2140 2213 2226 currant’3
2259 2175 2346 2186 ——
2405 2138 2772 2207 *resonare
2823 2157 2890 2224 q.

334 2255 665 2326 transl.
724 2275 885 2344 qun.
950 2255 1145 2327 hebr.
1217 2258 1348 2344 prs.
1420 2259 1790 2327 ‘nominum
1856 2264 2064 2345 atque
2133 2257 2512 2346 regionum,
2582 2277 2760 2346 quae
2823 2257 2893 2326 in

336 2383 571 2446 nostro
624 2389 935 2448 sermone
986 2397 1120 2446 non
1176 2383 1501 2448 resonant
1554 2379 1831 2468 (keinen
1865 2377 2034 2448 Sinn
2087 2377 2326 2466 geben,
2382 2376 2604 2446 nichts
2643 2375 2895 2446 bedeu-

336 2495 503 2584 ten),
558 2497 971 2568 uernaculae
1018 2497 1295 2586 linguae
1364 2496 1737 2585 explanare
1803 2498 2120 2584 ratione’,
2196 2498 2266 2566 in
2330 2489 2582 2566 Ezech.
2641 2495 2744 2566 ΠΙ
2809 2495 2895 2566 ad

345 2620 459 2704 11,
524 2621 615 2686 14
672 2636 819 2706 sqq.
880 2617 1008 2687 ‘illi
1058 2625 1457 2689 uerterunt:
1530 2624 2000 2690 consummata
2053 2623 2179 2707 est,
2250 2615 2430 2707 quod
2499 2618 2696 2687 iuxta
2747 2637 2899 2687 sen-

338 2758 484 2806 sum
540 2738 813 2808 omnino
866 2760 1002 2809 non
1054 2740 1378 2827 resonat’,
1450 2761 1611 2828 qun.
1668 2740 1862 2810 hebr.
1917 2741 1988 2809 in
2040 2737 2215 2810 Gen.
2277 2742 2392 2826 14,
2456 2741 2497 2807 7
2575 2738 2898 2808 ‘Asason-

336 2857 611 2927 thamar
660 2858 731 2927 in
782 2859 1021 2948 lingua
1070 2866 1312 2930 nostra
1364 2866 1645 2931 resonat
1694 2861 1864 2931 urbs
1916 2862 2353 2949 palmarum’‚
2409 2879 2514 2948 ep.
2563 2862 2729 2947 106,
2771 2860 2893 2945 48,

347 2982 515 3065 130,
570 2983 652 3049 11
710 2981 823 3068 al,
898 2988 969 3051 et
1020 2981 1297 3071 saepius
1350 2982 1557 3052 etiam
1613 2983 1763 3051 sim.
1823 2980 2047 3067 simpl.
2117 3000 2361 3051 sonare
2424 3000 2709 3067 prorsus
2771 3000 2897 3065 pro

339 3096 727 3185 significare
778 3094 906 3192 (9),
962 3108 1041 3172 ut
1090 3112 1159 3171 ἰἰ.
1213 3122 1268 3172 c.
1327 3102 1398 3171 in
1446 3103 1535 3172 Is.
1586 3100 1688 3171 XI
1743 3102 1829 3172 ad
1887 3105 2004 3189 38,
2048 3080 2144 3170 21
2181 3120 2283 3189 sq.
2343 3100 2560 3169 ‘aiunt
2596 3098 2900 3169 Hebraei

340 3218 629 3289 uer-bum
684 3218 827 3290 Siin
880 3223 1075 3291 ulcus
1128 3242 1397 3309 sonare,
1442 3227 1579 3291 non
1631 3222 1930 3311 uulnus’,
1987 3242 2094 3310 ep.
2166 3222 2331 3309 106,
2392 3206 2482 3291 16
2540 3220 2726 3308 ‘quia
2777 3220 2900 3290 Ja-

344 3340 467 3409 sab
520 3340 807 3411 uerbum
863 3342 1259 3428 ambiguum
1335 3349 1460 3431 est,
1537 3352 1608 3413 et
1674 3350 1905 3432 potest
1963 3326 2338 3430 'utrumque
2405 3360 2671 3428 sonare,
2743 3359 2898 3411 nam

339 3468 413 3530 >et
464 3462 679 3532 sessio
746 3470 816 3535 et
879 3464 1221 3535 habitatio
1291 3464 1566 3534 dicitur’
1598 3525 1604 3529 .
1635 3462 1764 3551 al.;
1823 3504 1922 3513 ——
1976 3463 2318 3534 *retinere
2386 3482 2450 3551 q.
2511 3462 2903 3532 meminisse

344 3600 399 3649 c.
441 3580 677 3650 Ioa'nn.
723 3585 808 3651 ’11
876 3586 1073 3672 ‘quae
1126 3584 1527 3655 acclamatio
1572 3592 1939 3656 consecuta
1975 3584 2088 3672 sit,
2126 3589 2296 3671 puto
2331 3582 2513 3671 quod
2551 3582 2902 3668 retineas’3

350 3737 439 3748 --
504 3699 837 3773 *subdere
888 3705 1129 3774 transl.
1187 3704 1278 3773 al.
1338 3704 1688 3793 niedriger
1742 3704 1987 3775 stellen
2040 3704 2142 3775 als
2197 3703 2352 3773 adu.
2411 3703 2643 3774 Jouin.
2699 3702 2752 3791 I,
2816 3705 2906 3771 14

350 3802 710 3907 ‘quomodo
764 3824 1041 3909 nuptias
1094 3823 1499 3895 subdiderat
1570 3824 1982 3913 uirginitati,
2053 3824 2151 3894 ita
2224 3822 2594 3912 digamiam
2662 3822 2910 3911 primis

336 3940 606 4027 nuptiis
657 3939 933 4011 subicit'
984 3944 1194 4035 (quod
1246 3944 1534 4015 uerbum
1585 3944 1685 4015 ita
1731 3950 1802 4014 et
1838 3942 2064 4033 Liu.);
2104 3984 2203 3995 —-
2241 3945 2654 4033 *suggerere
2707 3943 2906 4013 trnsl.

348 4059 465 4150 (cf.
517 4057 743 4129 Scrut.
803 4082 868 4149 p.
934 4064 1025 4133 55
1082 4070 1155 4133 et
1202 4084 1351 4152 sup.
1402 4064 1806 4153 suggestio),
1853 4070 1934 4133 ut
1991 4062 2146 4133 adu.
2202 4062 2426 4134 Rufin.
2491 4064 2546 4152 Ι,
2612 4068 2700 4134 12
2762 4064 2910 4133 ‘im-

347 4185 744 4264 peratorum
792 4182 1071 4269 scripta,
1130 4204 1306 4271 quae
1358 4184 1447 4255 de
1497 4184 1930 4254 Alexandria
1981 4191 2052 4255 et
2100 4182 2424 4273 Aegypto
2478 4182 2912 4272 Origenistas

350 4296 516 4384 pelli
567 4299 826 4389 iubent,
876 4322 987 4372 me
1037 4310 1449 4391 suggerente
1503 4302 1766 4374 dictata
1814 4307 1995 4375 sunt’
2053 4303 2305 4395 (Rufin.
2365 4302 2557 4391 Orig.
2619 4303 2689 4371 in
2739 4300 2786 4373 J
2788 4322 2911 4371 esu

350 4416 546 4489 Naue
599 4418 666 4489 h.
728 4423 793 4508 5,
854 4425 895 4491 6
918 4444 943 4491 ε-
991 4422 1221 4511 quo-d.
1264 4428 1623 4493 ,uetustae
1677 4424 2188 4495 consuetudinis
2257 4424 2599 4494 inustione
2663 4442 2912 4509 sugge-

351 4536 591 4629 τίων),
638 4578 726 4590 --
772 4541 1168 4613 *subiacere
1204 4542 1521 4613 transl.
1550 4544 2038 4629 unterworfen,
2078 4551 2472 4633 ausgesetzt
2508 4544 2650 4614 sein
2681 4562 2910 4640 saepe,

350 4665 429 4729 ut
471 4644 556 4729 'in
612 4661 701 4730 Is.
758 4660 826 4731 II
880 4662 968 4732 ad
1024 4666 1090 4751 3,
1150 4666 1243 4733 10
1292 4682 1393 4753 sq.
1484 4662 1834 4734 Romanae
1883 4662 2226 4751 seruituti,
2279 4664 2436 4733 adu.
2494 4660 2772 4734 Heluid.
2815 4664 2912 4731 20
