3409 5300
1740 430 1820 489 52

1625 515 1941 524 ——-——

501 637 558 701 V
603 637 686 701 ad
745 642 839 715 13,
883 643 964 702 10
1011 634 1364 700 ‘Hebraeus
1387 685 1402 702 .
1426 685 1442 701 .
1467 635 1815 700 Arcturum
1866 634 2334 716 interpretatus
2380 639 2500 716 est,
2550 653 2666 701 nos
2712 653 2772 715 g.
2808 635 3059 702 stellam

501 726 818 807 diximus',
866 727 989 792 adi.
1024 744 1079 790 e.
1113 743 1165 790 c.
1200 724 1284 790 ib.
1318 726 1399 789 ad
1453 730 1554 806 14,
1604 729 1686 787 26
1722 742 1817 806 sq.
1865 724 2227 803 generalem
2274 730 2499 790 contra
2544 743 2791 791 omnem
2840 726 3059 792 orbem

500 815 955 898 prophetiam),
1005 812 1418 879 sacerdotalis
1467 832 1634 877 nom.
1685 812 1803 878 loc.
1854 811 2032 878 hebr.
2067 812 2180 879 col.
2222 818 2343 877 186
2394 819 2460 878 et
2506 832 2710 895 saep.;
2759 851 2844 861 —-
2886 836 2932 894 p
2964 813 3063 900 (et

503 902 670 985 Col.)
719 903 1034 968 maritalis
1081 903 1146 967 in
1195 901 1381 967 Zach.
1430 899 1491 964 II
1539 902 1620 966 ad
1671 907 1729 977 8,
1789 907 1814 964 1
1870 901 1975 978 al.,
2026 937 2111 946 --—
2166 921 2239 965 u:
2296 903 2587 984 moralis,
2646 904 2816 985 quod
2879 923 3060 984 prae·

501 998 692 1057 eunte
741 993 868 1058 Cic.
919 993 1062 1058 dein
1113 992 1213 1073 pA
1263 996 1328 1056 et
1377 989 1561 1071 Gen„
1621 990 1736 1056 sed
1783 991 1989 1069 magis
2046 1009 2207 1056 rece.
2265 997 2686 1071 usurparunt,
2752 998 2825 1058 ut
2884 992 3059 1058 Tert.

500 1100 624 1146 res.
673 1099 844 1146 carn.
894 1086 1001 1164 45,
1053 1080 1228 1144 Hier.
1278 1099 1378 1162 ep.
1431 1084 1533 1160 30,
1591 1085 1616 1142 1
1685 1081 1955 1144 ‘omnem
2020 1079 2326 1144 moralem
2389 1081 2593 1144 locum
2660 1083 2719 1145 in
2782 1099 2857 1146 eo
2922 1099 3061 1146 esse

501 1169 1071 1251 comprehensum',
1129 1170 1192 1233 in
1241 1169 1408 1249 Eph.
1457 1167 1551 1232 ΙΙΙ
1597 1167 1679 1233 ad
1731 1173 1791 1251 5,
1848 1172 1923 1231 15
1976 1173 2324 1249 praecepta
2368 1169 2634 1234 moralia
2687 1169 2788 1248 aL,
2847 1171 2910 1234 in
2966 1188 3060 1250 pS.

503 1265 580 1322 17
631 1259 712 1323 ad
761 1258 1067 1325 moralem
1115 1276 1372 1323 sensum
1421 1256 1500 1322 al.

673 1402 844 1474 Cum
898 1405 1060 1474 -alis
1111 1405 1341 1494 (-aris)
1397 1411 1467 1476 et
1519 1407 1742 1476 -arius
1803 1405 1999 1476 finita
2070 1426 2288 1477 recc.
2346 1403 2620 1492 cognita
2687 1403 3061 1474 habeamus

502 1545 625 1594 nos
678 1523 953 1612 quidem
1006 1524 1162 1611 plus
1222 1527 1438 1613 1500,
1508 1546 1642 1596 non
1695 1546 2013 1614 magnam
2084 1547 2248 1596 sane
2303 1523 2765 1612 Hieronymus
2836 1546 2917 1594 ex
2980 1545 3063 1594 ea

501 1642 961 1730 abundantia,
1046 1663 1255 1731 quam
1307 1649 1538 1715 tamen
1604 1651 1675 1715 et
1727 1645 1876 1730 ipse
1937 1645 2242 1734 adauxit,
2323 1642 2721 1714 adhibuisse
2784 1642 3063 1712 uidetur

500 1769 793 1851 partem,
846 1784 901 1833 c.
962 1767 1003 1832 2
1033 1757 1139 1838 ⁰10.

501 2003 856 2065 -osusz
931 1987 1352 2058 contentiose
1370 1984 1458 2077 ¹),
1536 1987 2021 2076 dedecorosus,
2089 1981 2472 2077 fetosus2)‚
2546 1981 3061 2075 inherbosu8³)‚

503 2103 1018 2196 leprosa-3¹²),
1074 2105 1444 2197 lucrose⁵),
1513 2106 1993 2198 populosus⁶),
2066 2128 2560 2179 uenenosus
2612 2104 2743 2200 (2),
2809 2108 3064 2180 adden-

503 2225 800 2315 dumque
852 2226 1146 2298 fortasse
1199 2247 1237 2298 e
1291 2227 1498 2299 Breu.
1556 2247 1930 2297 cancrosus
1982 2221 2065 2318 (1)
2104 2248 2172 2314 p.
2222 2228 2379 2316 16);
2434 2269 2537 2278 ——
2591 2228 3064 2318 *compendio-

503 2368 620 2418 sus
673 2368 739 2436 q.
793 2346 1151 2418 breuiatus
1203 2347 1272 2416 in
1326 2345 1486 2418 Gal.
1543 2347 1577 2418 I
1630 2347 1719 2417 ad
1781 2352 1843 2433 1,
1908 2351 1999 2419 17
2056 2350 2162 2417 ‘ea
2214 2346 2530 2440 (Lucam)
2584 2349 3066 2437 compendiosa

501 2467 898 2538 narratione
950 2465 1240 2555 dixisse,
1315 2488 1492 2556 quae
1561 2466 1770 2554 digna
1838 2464 2101 2536 Christi
2174 2465 2557 2557 Euangelio
2624 2469 3063 2541 uidebantur'

505 2587 616 2674 al.,
677 2627 765 2636 —-
822 2586 1266 2658 *criminosus
1319 2607 1547 2675 pass.
1605 2583 1771 2675 (HA
1823 2605 1889 2673 p.
1952 2585 2119 2675 27²⁸)
2173 2588 2330 2659 adu.
2375 2587 2728 2677 Rufin.11,
2778 2593 2869 2662 17
2912 2593 3065 2660 ‘non

505 2708 699 2777 illum
751 2706 1080 2794 defendis,
1167 2706 1287 2777 sed
1335 2707 1506 2777 alios
1559 2726 1857 2793 accusaS,
1929 2727 2053 2776 nec
2105 2708 2363 2779 crimen
2428 2710 2681 2795 renuis,
2750 2709 2869 2779 sed
2934 2710 3066 2779 cri-

505 2828 923 2900 minosorum
977 2828 1252 2899 turbam
1304 2826 1648 2915 requiris’,
1697 2824 1793 2893 ib.
1853 2829 1972 2913 24,
2030 2866 2118 2876 -——-
2178 2826 2586 2895 *laciniosus
2637 2827 2943 2896 transl.
2995 2848 3063 2914 q.

505 2949 814 3037 prolixus
868 2949 939 3018 in
983 2946 1160 3018 Dan.
1209 2951 1322 3033 11,
1375 2948 1462 3014 21
1511 2964 1658 3032 sqq.
1720 2943 1909 3015 ‘haec
1954 2944 2383 3035 Porphyrius
2437 2965 2747 3015 sermone
2790 2945 3069 3015 lacinio-

507 3068 776 3139 sissimo
829 3073 1232 3156 prosecutus
1287 3070 1411 3151 est,
1471 3082 1646 3152 quae
1697 3084 1822 3134 nos
1875 3064 2073 3135 breui
2127 3065 2529 3155 compendio
2583 3064 2927 3151 diximus’,
2998 3065 3067 3133 in

507 3188 598 3259 Is.
648 3188 749 3257 IX
803 3187 890 3259 ad
939 3189 1054 3267 30,
1115 3190 1201 3255 21
1259 3184 1721 3273 ‘euangelicus
1774 3204 2042 3255 sermo,
2082 3187 2246 3274 ,qui
2295 3207 2421 3274 pro
2474 3185 2819 3255 laciniosis
2856 3183 3067 3270 Legis

507 3304 1106 3376 obseruationibus
1160 3310 1367 3393 atque
1417 3304 1763 3376 mandatis
1812 3305 1883 3375 in
1937 3326 2071 3375 uno
2120 3305 2334 3377 uerbo
2388 3303 2875 3394 recapitulauit
2926 3324 3067 3371 om-

508 3425 647 3495 nia'
703 3432 773 3496 et
825 3444 1011 3511 saep.

681 3576 825 3656 pA:
873 3594 1181 3641 coenosus
1231 3595 1328 3657 ep.
1386 3578 1531 3658 108,
1584 3580 1664 3639 22
1716 3574 2181 3641 haereticorum
2230 3594 2534 3641 coenosos
2580 3575 2755 3641 lacus
2803 3575 2906 3657 al.,
2958 3575 3072 3639 lin-

509 3682 745 3743 guosus
794 3684 891 3746 ep.
937 3670 1081 3746 108,
1143 3670 1214 3729 19
1267 3668 1477 3747 ‘quam
1523 3663 1899 3745 linguosam,
1948 3664 2272 3745 garrulam
2323 3671 2388 3729 et
2435 3682 2766 3745 procacem
2813 3682 3071 3745 perspe-

509 3753 712 3817 xerat’
761 3754 841 3817 al.
892 3752 967 3838 (D
1016 3774 1077 3835 p.
1115 3756 1247 3838 96),
1296 3760 1595 3835 petrosus
1643 3754 1704 3817 in
1758 3753 1947 3817 Mtth.
2002 3754 2061 3817 11
2107 3755 2189 3817 ad
2242 3758 2341 3834 13,
2394 3758 2473 3817 23
2526 3761 2787 3834 petrosa
2833 3760 2899 3818 et
2945 3752 3071 3833 spi·

694 4019 747 4085 1)
785 4034 868 4087 ep.
901 4022 1018 4089 106,
1048 4021 1116 4072 55
1163 4018 1224 4072 ‘si
1260 4014 1589 4073 contentiose
1625 4016 1793 4071 uerba
1829 4022 2129 4071 scrutamur
2166 4023 2220 4072 et
2266 4017 2532 4088 syllabas’,
2584 4016 2709 4071 adu.
2747 4016 2924 4070 Lucis.
2952 4020 2983 4071 7
3022 4022 3077 4071 et

509 4124 672 4177 saep„
711 4108 894 4178 Vulg.,
935 4109 1091 4177 Aug„
1130 4108 1236 4162 adi.
1275 4106 1435 4177 (Plin.
1473 4121 1577 4173 ep.,
1621 4104 1769 4159 Tert.
1806 4121 1908 4159 res,
1948 4122 2094 4161 carn.
2132 4110 2202 4161 34
2237 4108 2326 4176 al.,
2366 4108 2526 4175 App.,
2565 4103 2701 4174 IGti)
2738 4104 2859 4159 adu.
2898 4104 3075 4159 Rufin.

510 4198 581 4265 Π,
621 4201 654 4249 4
705 4197 770 4250 ‘si
817 4197 1018 4250 arctius
1063 4196 1193 4263 quid
1241 4208 1525 4263 rogauero,
1575 4194 1964 4249 contentiosum
2012 4194 2266 4265 uocabis’‚
2312 4210 2358 4249 c.
2398 4193 2575 4260 Pelag.
2614 4194 2658 4261 Ι,
2700 4196 2767 4246 35
2818 4200 2872 4247 et
2907 4208 3073 4263 saep„

510 4288 647 4353 Aug.
720 4287 776 4353 2)
818 4286 872 4337 in
909 4284 1076 4339 Abac.
1115 4285 1140 4335 Ι
1178 4283 1245 4337 ad
1287 4288 1335 4351 1,
1369 4289 1393 4336 1
1438 4286 1586 4337 ‘oues
1621 4297 1805 4337 eorum
1843 4284 2037 4338 fetosas
2072 4290 2131 4337 et
2170 4281 2566 4351 multiplicatas'
2608 4282 2661 4350 (e
2691 4281 2774 4335 Ps.
2811 4286 2929 4351 143,
2965 4283 3075 4350 13),

511 4374 634 4430 adu.
672 4374 852 4429 Jouin.
889 4376 933 4444 I,
969 4378 1034 4427 19
1073 4374 1149 4443 (et
1167 4373 1261 4441 al.)
1301 4372 1470 4425 ‘Liam
1508 4370 1797 4425 deformem
1833 4378 1995 4441 atque
2032 4373 2254 4425 fetosam
2274 4411 2289 4425 .
2311 4410 2353 4441 .,
2392 4369 2593 4424 Rachel
2630 4384 2759 4423 uero
2796 4368 3075 4437 pulchram

511 4468 565 4517 et
613 4463 705 4519 diu
752 4462 1024 4517 sterilem’.
1100 4461 1157 4529 3)
1205 4476 1345 4515 nom.
1392 4460 1540 4515 hebr.
1589 4460 1689 4515 col.
1745 4464 1826 4516 14.
1900 4462 1958 4530 4)
2010 4461 2064 4514 in
2110 4459 2260 4513 Eccl.
2314 4462 2380 4513 10
2429 4457 2529 4512 col.
2578 4461 2682 4511 472
2731 4457 2799 4511 al.
2874 4458 2931 4526 5)
2968 4456 3077 4512 adi.

512 4551 712 4621 (Ouid.,
752 4550 910 4620 Plin.,
951 4550 1106 4618 Tac.)
1155 4549 1210 4603 in
1258 4550 1420 4605 Mtth.
1457 4550 1537 4603 III
1573 4548 1642 4604 ad
1681 4553 1770 4619 26,
1815 4554 1879 4603 15
1926 4550 2009 4601 ‘ut
2043 4548 2229 4603 saltem
2270 4548 2480 4601 lucrosa
2514 4545 2789 4600 uideretur
2824 4543 3075 4613 proditio’

513 4642 568 4709 (o
597 4657 650 4711 p.
679 4640 754 4708 2).
829 4640 886 4707 6)
923 4639 978 4693 in
1006 4638 1103 4693 Ez.
1135 4638 1210 4691 ΙΧ
1240 4638 1307 4694 ad
1338 4642 1423 4708 30,
1457 4643 1482 4692 1
1523 4654 1641 4706 sqq.
1681 4636 2012 4706 ‘populosam
2043 4636 2150 4690 iam
2190 4635 2280 4689 illo
2316 4642 2554 4704 tempore
2578 4634 2745 4690 fuisse
2776 4632 2979 4689 urbem’
3007 4634 3079 4689 al.
