3409 5300
1579 463 1669 539 21..

347 673 516 756 (gen.
552 670 748 758 subi.)
787 689 902 737 cor
927 667 1098 736 illius
1127 669 1500 754 (Ezechiae)
1547 669 1868 738 eleuatum
1908 671 2057 754 est',
2094 707 2178 722 --
2227 673 2688 741 consummatio
2718 674 2901 758 freq„

348 763 460 827 sed
517 778 642 826 non
702 766 836 826 tam
897 772 1074 824 more
1133 759 1510 840 priorumi.
1555 758 1901 842 perfectio,
1961 764 2036 826 ut
2098 779 2151 828 c.
2201 761 2418 842 Pelag.
2463 781 2561 844 pr.
2612 767 2772 844 ‘cum
2822 765 2905 832 ad

347 849 910 916 consummationis
955 846 1204 914 culmen
1251 847 1700 930 ascenderint',
1748 867 1939 930 quam
1970 868 2191 931 synon.
2224 849 2389 932 finis,
2440 852 2669 934 exituS,
2718 859 2793 919 ut
2838 855 2906 921 in

307 941 428 1009 ,16.
476 939 566 1005 IX
623 939 705 1004 ad
754 943 858 1014 29,
915 942 940 1000 1
1011 955 1213 1017 usque
1277 937 1359 1002 ad
1421 939 2030 1004 consummatione-m
2092 940 2403 1021 temporis
2465 941 2783 1024 gentium,
2848 963 2903 1011 c.

347 1027 562 1107 Pelag.
595 1028 646 1108 Ι,
685 1031 762 1092 13
815 1024 1057 1106 ‘paleae
1105 1043 1144 1090 a
1189 1023 1510 1090 frumento
1559 1026 1622 1090 in
1667 1027 2213 1092 consummatione
2246 1028 2443 1094 seculi
2474 1030 2909 1114 separantur',-

345 1116 490 1180 adu.
525 1116 672 1181 Jou.
704 1114 786 1194 II,
827 1119 910 1177 24
960 1113 1116 1181 ‘dies
1163 1115 1382 1180 iudicii
1412 1113 1478 1178 in
1515 1117 2059 1182 consummatione
2092 1117 2539 1197 prom-ittitur’,
2589 1137 2639 1184 c.
2678 1119 2902 1200 Pelag..

345 1204 428 1286 ΙΙ,
492 1210 570 1270 14
631 1203 730 1268 ‘de
778 1203 880 1267 die
929 1207 994 1266 et
1039 1200 1198 1272 hora
1245 1204 1809 1268 consummationis
1856 1205 2121 1270 ultimae
2165 1210 2231 1271 et
2275 1204 2536 1284 angelos
2582 1207 2899 1286 ignorare'

346 1293 450 1374 al.,
500 1291 578 1358 cs.
612 1307 1047 1357 consummare
1095 1292 1162 1355 in
1209 1291 1293 1356 Is.
1336 1291 1424 1356 VI
1467 1293 1553 1356 ad
1591 1296 1692 1374 16,
1730 1297 1767 1356 6
1803 1312 1941 1376 sqq.
1996 1295 2455 1370 ‘consummato
2500 1295 2911 1363 Antichristo.

345 1386 412 1445 et
455 1385 724 1461 parente
773 1380 911 1446 eius
957 1379 1296 1445 diabulo..
1315 1381 1828 1461 praeparandum
1876 1397 2016 1448 esse
2064 1381 2292 1448 solium
2340 1383 2405 1446 in
2439 1383 2900 1451 misericordia'

344 1467 838 1552 (sim.,fortasse
901 1467 1028 1532 iam
1077 1467 1252 1535 Tert.
1299 1467 1430 1548 fug.
1480 1469 1546 1532 in
1590 1487 1761 1550 pers.
1813 1475 1871 1548 6,
1922 1471 2067 1544 adu.
2121 1469 2368 1536 Valent.
2406 1475 2480 1534 31
2524 1471 2631 1553 16.,
2660 1507 2755 1523 --
2793 1491 2899 1540 an.

346 1563 450 1639 42,
500 1575 625 1640 non
673 1563 887 1623 tamen
935 1555 1197 1640 liquet);
1245 1593 1330 1603 —-
1393 1557 1749 1623 destructio
1793 1577 1891 1639 pr.
1940 1557 2197 1642 (Suet),
2261 1564 2336 1625 ut
2379 1559 2445 1625 in
2491 1560 2577 1629 Is.
2631 1561 2661 1628 I
2706 1561 2791 1628 ad
2844 1567 2899 1639 1,

351 1651 428 1712 13
477 1645 718 1727 templi,
767 1643 950 1710 trnsl.
1000 1644 1297 1728 (Quint),
1345 1650 1418 1710 ut
1463 1647 1529 1710 in
1576 1647 1745 1728 Eph.
1791 1646 1983 1714 II.ad
2030 1653 2092 1729 4,
2129 1652 2209 1724 29
2260 1665 2469 1724 sermo
2512 1649 2903 1716 malus..ad

346 1735 843 1802 destructionem
892 1751 1112 1800 eorum
1159 1735 1266 1816 qui
1313 1735 1583 1802 audiunt
1628 1734 1731 1816 al.,
1782 1741 1848 1803 et
1894 1736 1985 1802 sic
2032 1737 2370 1802 destruere
2415 1736 2478 1800 in
2526 1737 2693 1818 Eph.
2742 1739 2773 1804 I
2818 1739 2901 1822 ad

354 1829 411 1903 1,
465 1828 494 1888 1
563 1823 809 1890 ‘statim
861 1823 1040 1903 -quod
1105 1827 1208 1888 est
1267 1841 1407 1888 esse
1471 1825 1859 1904 destruitur,
1925 1828 1992 1890 et
2054 1825 2280 1906 incipit
2342 1843 2467 1890 non
2527 1843 2666 1892 esse
2726 1829 2900 1910 quod

344 1911 600 1994 fuerat',
633 1913 697 1976 in
730 1911 938 1975 Naum
978 1917 1035 1992 1,
1069 1917 1110 1977 4
1143 1912 1446 1994 Assyrios
1481 1914 1847 1993 destruere,
1880 1945 1967 1959 —-
1998 1913 2328 1994 *dignatio
2360 1931 2565 1994 pass:
2596 1915 2663 1979 in
2698 1915 2895 1997 titul„

344 2005 420 2066 ut
465 2018 564 2080 ep.
619 2005 766 2082 102,
822 2004 847 2062 1
906 2001 1044 2078 ‘ego
1093 1999 1466 2081 simpliciter
1510 1999 1721 2074 fateor
1766 2001 2124 2082 dignationi
2170 2001 2363 2082 tuae’,
2420 2007 2567 2084 105,
2604 2007 2641 2068 2
2675 2004 2781 2086 al,
2814 2042 2901 2055 -ψ

345 2088 642 2170 (11661610,
693 2123 778 2134 —-
824 2088 1061 2162 *editio
1108 2088 1372 2172 (Quint,
1432 2125 1516 2136 --
1581 2089 1808 2173 80116.)
1869 2091 1933 2154 16
1996 2091 2130 2156 Jer.
2182 2091 2270 2155 VI
2314 2092 2411 2162 ad
2476 2096 2587 2170 31,
2656 2097 2731 2158 21
2802 2111 2897 2174 sq.

345 2178 546 2243 ‘iuxta
590 2183 879 2244 nostram
928 2177 1270 2243 editionem
1295 2179 1572 2246 ..editio
1616 2177 1900 2258 uulgata'
1950 2185 2019 2252 et
2062 2197 2257 2259 saep„
2310 2215 2391 2225 --
2442 2181 2789 2261 equitatio:
2836 2179 2901 2261 3,

343 2301 430 2310 --
477 2267 718 2332 erectio
764 2265 980 2348 (Vitr.‚
1028 2303 1118 2336 ,--
1163 2266 1403 2350 Α11116.)
1465 2267 1532 2332 16
1587 2267 1784 2335 Abac.
1835 2267 1864 2331 I
1911 2267 1995 2332 ad
2043 2273 2101 2348 2,
2152 2273 2187 2331 5
2238 2285 2401 2350 sqq.‚
2451 2267 2659 2349 Vulg„
2710 2271 2897 2351 Aug.‚

342 2391 428 2404 —-
476 2355 754 2422 initiatio
813 2353 1042 2433 (Suet,
1089 2388 1175 2400 --
1223 2354 1398 2420 Tert.
1462 2358 1606 2423 adu.
1655 2355 1855 2422 Marc.
1903 2356 1987 2420 IV
2041 2360 2123 2420 33
2172 2356 2284 2438 al.)
2340 2357 2410 2420 16
2472 2357 2616 2424 Am.
2666 2358 2758 2426 III
2816 2359 2899 2424 ad

344 2450 405 2524 9,
459 2450 486 2508 1
537 2443 638 2523 61,
687 2476 776 2490 --
823 2442 1102 2510 intensio
1147 2443 1358 2527 (Sen.:
1407 2443 1452 2510 D
1483 2463 1548 2526 p.
1585 2449 1736 2526 287,
1786 2443 2009 2527 801111,
2044 2481 2132 2492 —-
2178 2444 2433 2510 Ambr.t
2480 2443 2551 2528 3)
2597 2447 2659 2511 in
2708 2447 2895 2514 Zach.

340 2533 372 2596 Ι
417 2533 500 2598 ad
553 2538 606 2612 1,
658 2538 693 2596 7
745 2549 870 2596 non
917 2531 1094 2598 uocis
1142 2533 1522 2615 intensione,
1573 2533 1685 2606 sed
1732 2535 1986 2614 mentiS,
2034 2570 2117 2582 -
2166 2533 2571 2599 *interiectio
2618 2533 2901 2620 (Quint.)

341 2622 406 2687 in
453 2622 534 2687 16.
569 2621 688 2687 XV
733 2622 814 2687 ad
865 2623 968 2703 54,
1023 2625 1100 2687 16
1151 2639 1245 2703 sq.
1297 2622 1488 2703 ‘quod
1549 2620 1654 2688 uel
1714 2623 2224 2691 interiectionem
2282 2623 2571 2691 uocantis
2626 2625 2731 2697 661
2777 2643 2898 2691 1166

344 2708 756 2791 significaret’
821 2709 934 2791 61,
1001 2744 1084 2784 -,-
1151 2710 1471 2778 inuocatio
1535 2710 1812 2796 (Quint.)
1871 2713 1935 2777 in
1997 2712 2079 2777 Is.
2128 2711 2223 2778 III
2285 2712 2365 2777 ad
2416 2718 2475 2793 7,
2532 2717 2609 2787 16
2666 2714 2747 2779 ad
2804 2714 2896 2788 in-

341 2800 742 2868 uocationem
791 2798 1070 2864 nominis
1119 2799 1286 2879 eius,
1345 2799 1436 2879 IV
1483 2801 1564 2865 ad
1615 2806 1674 2882 9,
1726 2806 1765 2865 8
1814 2818 1910 2882 sq.
1960 2804 2027 2870 et
2072 2818 2270 2881 saep,
2321 2800 2529 2882 Vulg.,
2587 2802 2893 2882 Ps.-Asc.,

342 2924 432 2935 *-
473 2887 746 2953 *leuatio
793 2906 923 2968 pr.:
969 2885 1034 2969 9,
1081 2924 1170 2937 --
1215 2885 1667 2969 multiplicatio
1716 2908 1769 2955 c.
1817 2889 2035 2970 Pelag.
2088 2887 2199 2971 ΙΙΙ,
2248 2894 2277 2958 1
2331 2889 2707 2960 ‘delectatus
2755 2910 2897 2961 sum

341 2982 596 3044 tuorum
657 2975 1186 3057 multiplicatione
1244 2978 1649 3059 sermonum’,
1716 2998 1816 3059 ep.
1870 2984 2017 3060 140,
2070 2982 2147 3042 13
2212 2982 2281 3043 et
2324 2996 2535 3060 saepe,
2582 2980 2653 3045 it.
2702 2998 2896 3061 saepe

339 3064 783 3145 multiplicare,
832 3082 886 3129 e.
936 3083 986 3131 c.
1035 3066 1102 3129 in
1147 3065 1265 3130 Ez.
1312 3066 1408 3129 XI
1449 3067 1534 3132 ad
1583 3070 1685 3147 36,
1743 3071 1819 3130 16
1871 3084 2033 3149 sqq„
2082 3102 2167 3111 —
2224 3067 2491 3133 nudatio
2539 3068 2605 3131 in
2650 3068 2783 3133 Jer.
2831 3068 2897 3133 II

339 3154 424 3219 ad
461 3158 518 3233 6,
557 3156 640 3217 20
672 3151 750 3220 de'
781 3154 1022 3233 rapinis
1069 3158 1136 3217 et
1182 3154 1530 3219 nudatione
1577 3155 1960 3222 miserorum
1994 3152 2097 3233 al„
2132 3188 2219 3199 -
2251 3156 2536 3221 occursio
2583 3154 2789 3238 (Sen.:
2820 3154 2893 3239 5)

339 3258 506 3309 nom.
555 3241 731 3306 hebr.
781 3242 896 3307 col.
947 3246 1052 3323 28,
1103 3241 1286 3321 Aug„
1335 3245 1557 3323 postt.,
1593 3280 1672 3291 --
1724 3243 2058 3324 praedatio
2105 3241 2313 3325 (Veli,
2364 3243 2532 3323 Tac„
2566 3280 2654 3293 --
2684 3244 2895 3329 Laet.)

340 3331 404 3395 in
453 3332 535 3395 Is.
572 3330 670 3394 III
715 3330 798 3395 ad
840 3335 900 3411 9,
951 3334 986 3395 2
1023 3349 1162 3412 sqq.
1197 3330 1299 3409 61,
1335 3364 1424 3377 —-—
1472 3330 1785 3412 praelatio
1832 3332 1977 3397 adu.
2026 3331 2239 3398 Jouin.
2287 3331 2335 3411 Ι,
2388 3337 2421 3395 7
2474 3331 2554 3397 al.
2602 3332 2669 3414 (b
2700 3351 2765 3413 p.
2798 3332 2891 3419 6),

345 3454 424 3465 —--
473 3418 828 3500 praestatio
876 3418 1070 3501 (Sem,
1121 3453 1208 3463 -
1253 3418 1414 3501 ICti,
1461 3418 1659 3485 Firm.
1707 3439 1791 3485 m.
1845 3419 1963 3501 III,
2016 3426 2075 3503 7,
2130 3425 2159 3485 1
2212 3419 2324 3503 al.)
2381 3421 2445 3484 in
2494 3420 2760 3487 Philem.
2808 3423 2892 3488 ad

339 3512 416 3571 21
483 3508 789 3572 maiorem
851 3508 1291 3587 praestatione
1354 3508 1729 3591 mercedem,
1781 3544 1865 3557 —-
1911 3508 2278 3591 propinatio
2325 3508 2520 3592 (Sem,
2571 3508 2780 3592 Petr.)
2827 3512 2895 3577 in

336 3598 471 3663 Jer.
519 3596 610 3661 IV
657 3596 738 3661 ad
789 3600 906 3676 24,
949 3602 1024 3661 15
1075 3615 1214 3678 sqq.
1265 3596 1478 3663 calicis
1525 3598 1707 3677 meri,
1758 3634 1839 3643 -
1889 3598 2249 3679 purificatio
2308 3594 2502 3683 (Plin.
2552 3596 2779 3683 Mart.)
2824 3600 2891 3668 in

336 3686 470 3751 Jer.
518 3683 580 3749 ΙΙ
625 3685 708 3750 ad
757 3688 816 3767 6,
873 3689 950 3747 16
1000 3702 1140 3767 sqq.
1188 3684 1290 3765 61,
1338 3686 1548 3767 vulg„
1580 3722 1668 3735 -
1714 3688 1990 3753 recessio
2033 3688 2098 3751 in
2144 3688 2261 3751 Ez.
2294 3686 2384 3751 VI
2430 3686 2511 3753 ad
2562 3691 2667 3769 20,
2714 3692 2776 3767 8,
2826 3688 2891 3753 in

337 3773 446 3838 Os.
493 3773 556 3837 11
603 3774 686 3837 ad
733 3778 792 3853 9,
849 3776 926 3836 12
975 3772 1054 3837 61.
1105 3771 1226 3860 (3),
1274 3806 1362 3819 -
1415 3774 1642 3841 recisio
1689 3775 1904 3859 (Plin.,
1940 3812 2027 3825 —-
2067 3775 2209 3854 le.
2259 3772 2437 3861 Dig.)
2482 3776 2627 3841 adu.
2676 3776 2890 3841 Jouin.

335 3862 420 3943 ΙΙ,
458 3865 534 3927 15
588 3864 688 3925 ‘ex
731 3866 916 3942 parte
961 3862 1266 3931 ieiunium
1300 3864 1660 3930 dedicatum
1693 3869 1811 3939 est,
1862 3865 2093 3929 decens
2124 3864 2577 3931 abstinentiam
2611 3865 2891 3931 omnium

335 3952 402 4015 in
463 3950 858 4031 quorundam
924 3951 1274 4033 recisione’,
1342 3952 1410 4017 C.
1461 3952 1577 4019 Th.
1626 3952 1801 4035 XIII,
1858 3958 1955 4034 11,
2012 3957 2113 4033 16,
2176 3952 2261 4017 Μ.
2312 3952 2489 4034 Cap„
2536 3987 2626 4001 -·
2674 3954 2888 4021 scisci·

336 4038 502 4104 tatio
571 4038 809 4123 (Petr.)
873 4038 937 4103 16
985 4039 1145 4107 Dan.
1201 4044 1299 4121 13,
1363 4046 1397 4105 5
1449 4060 1542 4123 sq.
1609 4044 1747 4107 ‘nec
1803 4046 1994 4122 putat
2040 4041 2473 4109 sciscitatione
2520 4042 2889 4123 condignos‘

335 4126 418 4193 al.
466 4123 582 4209 (1),
632 4126 836 4207 Oros„
885 4164 970 4173 —
1017 4126 1308 4194 suffossio
1353 4128 1549 4211 (Vitr.
1595 4134 1662 4195 et
1710 4128 1855 4197 Sen.
1904 4148 1995 4197 66.
2034 4130 2129 4211 ll.)
2176 4148 2344 4194 nom.
2390 4128 2569 4197 hebr.
2618 4130 2734 4197 col.
2783 4137 2888 4213 36,

337 4215 546 4296 vulg„
598 4214 819 4281 «Paul.
854 4217 1094 4298 Diae»,
1131 4248 1216 4261 --
1263 4216 1587 4298 sugillatio
1633 4236 1733 4299 ep.
1784 4224 1902 4300 48,
1942 4224 1979 4283 2
2030 4219 2221 4302 ‘quod
2267 4218 2499 4286 nimius
2545 4219 2773 4285 fuerim
2824 4221 2889 4284 in

335 4302 742 4384 sugillatione
807 4306 1242 4386 nuptiarum’,·
1279 4307 1425 4373 adu.
1481 4304 1688 4371 Rufin.
1736 4307 1783 4387 Ι,
1840 4311 1939 4386 11,
1990 4308 2055 4371 in
2103 4306 2359 4375 16.,ΧΙΙ
2406 4307 2487 4371 ad
2535 4312 2645 4389 42,
2702 4313 2728 4371 1
2784 4308 2887 4387 61,

335 4397 410 4457 ut
471 4398 539 4457 et
601 4411 772 4473 saep.
831 4392 1160 4475 sugillare,
1225 4414 1278 4459 e.
1329 4414 1379 4460 c.
1429 4395 1572 4461 adu.
1619 4395 1834 4461 Jouin.
1883 4396 1932 4476 Ι,
1988 4401 2058 4459 11
2134 4401 2229 4461 ‘ne
2294 4394 2627 4475 sugillasse
2691 4396 2889 4461 conti-

334 4481 619 4547 nentiam
663 4481 1038 4564 uideretur’,
1071 4514 1158 4529 --
1205 4484 1578 4565 supputatio
1627 4483 1852 4566 (Vitr.:
1902 4483 1937 4551 b
1970 4503 2031 4566 p.
2068 4484 2136 4568 9)
2182 4485 2248 4549 in
2296 4486 2459 4549 Dan.
2494 4489 2553 4564 9,
2591 4488 2673 4547 24
2724 4485 2888 4547 ‘cum

328 4570 516 4636 iuxta
559 4568 1116 4649 diligentissimam
1161 4572 1676 4654 supputationem
1724 4590 1763 4635 a
1806 4572 2015 4653 primo
2060 4590 2227 4637 anno
2260 4572 2413 4653 Cyri
2462 4588 2664 4651 usque
2711 4572 2793 4634 ad
2819 4618 2836 4635 .
2869 4618 2887 4637 .

331 4658 734 4727 euersionem
797 4659 1019 4741 templi
1076 4665 1514 4743 supputentur
1573 4660 1722 4728 anni
1784 4660 2139 4747 Dcxxx’,
2188 4662 2331 4729 adu.
2390 4656 2597 4726 Rufin.
2647 4656 2727 4740 ΙΙ,
2784 4662 2890 4740 13,
