3409 5300
1780 421 1859 482 12

537 656 787 723 seram,
837 635 959 708 sed
1009 633 1192 725 quod
1221 689 1238 706 .
1278 636 1346 724 .’,
1393 633 1552 706 adu.
1592 633 1873 708 Heluid.
1926 636 1991 722 7,
2044 653 2152 723 ep.
2198 637 2316 722 36,
2370 635 2438 721 6,
2500 634 2667 719 112,
2724 634 2765 702 5
2804 629 2895 702 al.
2934 625 3101 716 (ΗΑ

537 778 606 846 p.
653 757 820 845 94);
880 795 970 806 —-
1029 755 1301 826 auersio
1353 753 1599 824 transl.
1657 755 1731 824 in
1778 753 1928 826 Jer.
1984 753 2054 824 H
2108 752 2194 824 ad
2247 758 2313 843 6,
2375 757 2465 826 19
2516 755 2945 840 ‘recepturus
2995 755 3102 822 est

537 877 836 948 fructum
889 875 1270 946 auersionis
1323 877 1509 946 suae’
1565 874 1680 964 al.,
1738 873 1948 964 Vulg.
2000 873 2255 962 (Aru),
2312 873 2537 964 Aug.;
2592 913 2695 924 --
2749 870 3097 944 *causatio

537 994 630 1066 al.
689 1016 752 1085 q.
808 1015 936 1084 pro
995 994 1374 1083 accusatiO,
1441 1001 1520 1064 ut
1570 995 1643 1064 in
1691 994 1906 1066 Abac.
1962 996 1997 1066 I
2048 995 2139 1066 ad
2196 1000 2259 1084 1,
2319 998 2360 1066 5
2422 995 2649 1083 ‘opuS,
2720 990 2903 1081 quod
2956 995 3099 1062 tam

538 1112 798 1204 grande
867 1114 1004 1185 erit
1065 1120 1136 1184 et
1205 1119 1510 1184 uestram
1571 1135 1841 1188 omnem
1906 1116 2251 1206 opprimet
2312 1111 2826 1198 causationem’,
2886 1109 3094 1199 Aug„

540 1231 726 1306 Salu.
752 1288 769 1321 ,
837 1239 918 1305 ut
983 1233 1254 1306 causari
1307 1255 1366 1304 e.
1423 1255 1480 1303 c.
1535 1235 1608 1304 in
1659 1234 1917 1307 Ezech.
1970 1256 2211 1306 comm.
2259 1235 2329 1306 II
2382 1233 2471 1305 ad.
2524 1235 2593 1323 5,
2652 1234 2697 1304 8
2752 1251 2855 1320 sq.
2910 1228 3099 1319 ‘quid

539 1373 782 1426 causer
797 1409 816 1442 ,
887 1355 1072 1444 quod
1122 1355 1194 1424 in
1258 1357 1649 1444 praeceptis
1713 1357 1883 1427 meis
1950 1377 2083 1428 non
2146 1353 2671 1428 ambulaueritis
2722 1359 2793 1423 et
2842 1348 3101 1422 iudicia

537 1495 693 1546 mea
739 1497 876 1546 non
927 1475 1230 1547 feceritis
1251 1529 1268 1563 ,
1335 1496 1488 1546 cum
1541 1477 1751 1548 etiam
1798 1497 2031 1548 omnes
2083 1477 2155 1548 in
2206 1476 2499 1550 circuitu
2547 1474 2863 1546 nationes
2914 1469 3098 1542 uice·

535 1595 694 1666 ritis
747 1595 1004 1670 scelere
1054 1595 1362 1666 uestroP'
1417 1589 1556 1684 (9);
1617 1637 1708 1648 -·-
1767 1597 2024 1670 *coctio
2066 1618 2316 1687 propr.
2365 1617 2513 1687 reg.
2566 1597 2891 1670 Pachom.
2954 1595 3097 1664 117

538 1714 670 1804 aL,
740 1714 819 1786 P.
874 1715 1109 1804 Diae,
1187 1713 1264 1786 C.
1319 1716 1518 1806 Aur.,
1597 1715 1933 1806 Cassiod„
1998 1722 2239 1789 meton.
2296 1719 2369 1788 in
2417 1719 2599 1811 Agg.
2663 1727 2731 1811 2,
2798 1730 2881 1798 11
2946 1737 3095 1806 sqq.

538 1857 782 1926 panem
837 1844 959 1909 aut
1013 1837 1390 1928 quamlibet
1443 1839 1651 1908 aliam
1703 1838 2101 1927 coctionem,
2152 1837 2225 1910 in
2275 1837 2401 1912 Ez.
2456 1839 2631 1912 VIII
2684 1844 2774 1914 ad
2828 1851 2947 1936 25,
3004 1851 3093 1920 12
3120 1933 3139 1944 .

538 1978 686 2047 sqq.
743 1956 831 2028 al.
856 2012 872 2045 ,
927 1956 1178 2047 Vulg.,
1251 1958 1376 2028 Th.
1431 1957 1686 2047 Prisc.,
1761 1958 1939 2030 Plin.
1997 1958 2153 2032 Val.
2226 1960 2345 2049 (al.
2398 1982 2464 2050 q.
2520 1965 2865 2038 concoctio
2932 1988 3097 2038 uen-

537 2076 736 2148 tra-lis
781 2075 993 2165 Vitr.,
1044 2075 1268 2165 plin),
1313 2119 1402 2128 —-
1449 2075 1791 2150 *conditio
1839 2100 1997 2167 pro
2052 2081 2309 2153 creatio
2364 2101 2421 2150 c.
2477 2080 2715 2172 Pelag.
2754 2083 2809 2172 Ι,
2851 2089 2893 2155 2
2951 2085 3099 2158 ‘hoc

538 2197 761 2286 ipsum
827 2197 1010 2287 quod
1078 2199 1212 2270 Dei
1283 2199 1552 2286 gratiae
1609 2199 1863 2270 asseris
1932 2207 2167 2270 utrum
2233 2199 2321 2270 ad
2374 2201 2783 2276 conditionis
2836 2205 3099 2278 referas

539 2315 974 2406 beneficium,
1047 2341 1138 2389 an
1189 2321 1260 2390 in
1315 2320 1604 2408 singulis
1648 2319 1858 2391 rebus
1900 2326 2103 2408 putes
2157 2340 2306 2390 esse
2360 2341 2530 2410 quas
2582 2324 2932 2414 gerimus’,
3001 2325 3093 2414 ΙΙ,

543 2440 638 2508 30
692 2457 829 2507 non
878 2445 1170 2510 naturae
1224 2447 1294 2510 et
1347 2440 1754 2511 conditionis
1806 2441 2001 2527 uitio,
2046 2439 2101 2526 Ι,
2146 2442 2213 2520 5.
2262 2439 2541 2530 Didym.
2587 2443 2753 2531 spir.
2794 2451 3007 2516 sanct.
3052 2450 3095 2518 7

539 2561 792 2628 natura
843 2558 1250 2631 conditionis
1303 2582 1468 2632 suae
1527 2561 1809 2651 angelos
1868 2567 2139 2632 sanctos
2202 2580 2387 2649 esse,
2463 2565 2553 2632 16
2612 2560 2940 2652 (Spiritus
2996 2563 3095 2656 S.)

539 2699 874 2769 nusquam
921 2680 1424 2753 conditionibus
1496 2680 1833 2763 (meton.
1893 2705 1959 2771 q.
2016 2679 2381 2761 creaturis)
2436 2690 2915 2754 conumeratus
2967 2689 3095 2757 est’
3203 2752 3219 2767 ,

539 2797 672 2884 al.;
731 2840 820 2849 --
879 2799 1361 2889 *congregatio
1414 2800 1663 2871 transl.
1722 2802 1811 2871 ad
1861 2823 1997 2889 res,
2045 2808 2123 2873 ut
2168 2821 2505 2890 aquarum
2559 2822 2719 2889 qun.
2775 2802 2968 2874 hebr.
3024 2806 3097 2875 in

542 2916 712 2989 Gen.
762 2923 823 3008 1,
885 2924 977 2991 10
1031 2921 1145 3009 al.,
1186 2920 1422 3011 Vulg..
1473 2921 1680 3009 Aug.,
1732 2928 1812 2991 ut
1864 2942 2285 3011 congregare
2334 2921 2407 2992 in
2461 2921 2551 2993 Is.
2592 2921 2798 2993 XVII
2846 2922 2936 2993 ad
2974 2926 3092 3012 62,

543 3042 588 3108 8
643 3061 746 3128 sq.
805 3041 946 3129 ‘qui
1000 3040 1284 3111 abiectis
1336 3040 1556 3129 paleis
1616 3062 1867 3129 purum
1918 3042 2339 3114 frumentum
2390 3044 2464 3113 in
2511 3044 2763 3115 horrea
2814 3063 3098 3130 congre-

541 3160 906 3247 gauerint’,
959 3181 1064 3249 ep.
1097 3164 1226 3249 41,
1273 3165 1304 3231 1
1363 3161 1760 3231 testimonia
1802 3162 1887 3233 de
1926 3162 2204 3233 Ioannis
2258 3163 2618 3253 euangelio
2657 3167 3094 3251 congregata,

540 3280 612 3347 in
677 3278 864 3351 Eccl.
926 3284 1008 3351 11
1088 3282 1212 3351 col.
1271 3283 1410 3353 481
1489 3282 1580 3352 al.
1651 3278 1825 3367 (Cic.
1882 3282 1991 3354 uis
2043 3290 2497 3373 congregata,
2572 3283 2806 3373 Quint.
2860 3282 3097 3371 uerba,

541 3399 1010 3489 argumenta);
1049 3442 1151 3451 —
1188 3402 1618 3490 *congressio
1671 3424 1739 3491 q.
1778 3404 2130 3473 conflictus
2184 3401 2438 3482 (Scrut.
2497 3424 2565 3492 p.
2620 3402 2783 3486 12*)
2830 3402 2903 3473 in
2937 3402 3094 3473 Am.

543 3518 611 3587 II
663 3518 750 3589 ad
802 3525 868 3607 4,
918 3526 948 3591 1
1013 3523 1141 3609 al.;
1195 3562 1284 3572 -
1338 3523 1811 3593 *conuersatio
1858 3522 2398 3593 Lebenswandel
2449 3519 2910 3611 (ἀναστροφή),
2967 3524 3100 3596 Le·-

542 3640 920 3713 bensweise
940 3696 956 3729 ,
1039 3642 1788 3733 Lebenseinrichtung,
1859 3643 2063 3712 sicuti
2114 3642 2260 3713 fere
2312 3643 2385 3711 in
2439 3641 2507 3713 S.
2561 3641 2628 3713 S.
2686 3665 2745 3714 e.
2804 3665 2860 3714 c.
2917 3644 3095 3715 Phil.

547 3764 613 3849 3,
656 3765 750 3832 20
809 3764 1066 3833 ‘nostra
1113 3763 1544 3834 conuersatio
1596 3764 1668 3832 in
1723 3761 1929 3832 coelis
1983 3764 2110 3832 est’
2160 3768 2258 3855 (et
2298 3784 2408 3852 ap.
2451 3761 2658 3854 Cypr.
2700 3769 2905 3834 mort.
2950 3770 3097 3859 22),

541 3903 897 3971 persaepe,
953 3889 1032 3954 ut
1071 3906 1176 3973 ep.
1223 3887 1341 3971 23,
1384 3887 1424 3953 2
1486 3882 2095 3953 ‘conuersationem
2133 3884 2321 3955 Leae
2374 3890 2653 3957 nostrae
2694 3886 2849 3973 quis
2882 3885 3104 3973 possit

545 4002 752 4091 digno
789 4004 1092 4075 alleuare
1145 4004 1510 4093 praeconio
1529 4002 1610 4091 ‘?’,
1675 4004 1841 4090 148,
1892 4005 1937 4073 8
1996 4004 2135 4093 ‘qui
2172 4004 2364 4074 aliud
2407 4004 2853 4093 professione,
2910 4004 3101 4075 aliud

545 4122 1058 4195 conuersatione
1107 4126 1500 4210 testantur’,
1563 4124 1634 4192 in
1689 4122 1861 4194 Luc.
1901 4122 1969 4193 h.
2016 4128 2101 4193 21
2172 4125 2536 4213 ‘praepara
2569 4122 2753 4194 uiam
2809 4124 3102 4194 Domino

544 4265 670 4332 per
732 4244 1320 4316 conuersationem
1390 4243 1686 4331 bonam’,
1758 4245 1829 4313 in
1893 4244 2146 4316 Matth.
2217 4242 2285 4313 II
2354 4243 2442 4314 ad
2522 4247 2634 4332 14,
2710 4248 2801 4314 14
2873 4244 3103 4315 ‘relin-

546 4370 832 4453 quentes
895 4365 1228 4453 pristinas
1295 4364 1849 4435 conuersationes
1926 4370 1994 4435 et
2044 4365 2423 4434 uarietates
2474 4362 2919 4451 dogmatum',
2992 4385 3099 4453 ep.

550 4489 668 4572 29,
719 4490 749 4555 1
815 4484 1211 4574 ‘epistolare
1258 4482 1554 4555 officium
1605 4491 1711 4554 est
1762 4482 1847 4555 de
1896 4505 1973 4554 re
2015 4482 2343 4553 familiari
2396 4487 2517 4553 aut
2563 4482 2649 4553 de
2702 4484 3105 4571 quotidiana

546 4605 1065 4678 conuersatione
1114 4604 1379 4694 aliquid
1431 4604 1779 4692 scribere’,
1825 4606 1992 4691 100,
2041 4607 2131 4675 10
2173 4603 2315 4692 ‘qui
2365 4602 2624 4675 ieiunia
2668 4603 2741 4675 id
2792 4610 2900 4676 est
2946 4625 3103 4676 con-
