3409 5300
1737 459 1862 519 152

515 691 572 741 c.
628 669 865 760 Pelag.
921 670 978 760 I,
1038 672 1131 740 28
1193 670 1274 740 ‘si
1329 667 1664 759 Origenes
1719 691 1954 742 omnes
2001 670 2450 742 rationabiles
2499 675 2852 742 creaturas
2904 671 3078 744 dicit

514 811 678 860 non
723 811 911 862 esse
960 789 1481 879 perdendae,
1534 794 1605 862 et
1640 789 1916 862 diabolo
1951 790 2200 862 tribuit
2235 790 2775 879 poenitentiam’,
2817 791 2908 880 II,
2955 796 3074 880 19,

516 909 671 980 adu.
729 910 961 981 Jouin.
1006 912 1061 998 Ι,
1115 915 1207 981 43
1270 909 1754 982 ‘Hasdrubalis
1806 931 1982 980 uxor
2033 931 2186 981 cum
2239 931 2313 980 se
2367 917 2678 984 cerneret
2729 932 2770 981 a
2822 911 3078 982 Roma-

514 1030 621 1100 nis
674 1030 1199 1119 capiendam
1254 1032 1493 1105 esse’.
1550 1032 1647 1100 45
1696 1029 1818 1116 in.‚
1869 1030 1940 1099 in
1980 1028 2166 1100 Eccl.
2215 1033 2304 1101 12
2345 1031 2470 1100 col.
2512 1033 2662 1100 484
2719 1030 3078 1120 ‘quidquid
3122 1097 3130 1104 .

514 1149 942 1239 delectabile,
981 1206 993 1218 .
1035 1207 1048 1220 .
1086 1173 1165 1222 eo
1221 1149 1571 1238 abutatur,
1624 1151 1728 1220 ita
1777 1153 2008 1220 tamen
2061 1153 2140 1219 ut
2185 1171 2217 1219 s
2238 1171 2275 1220 e
2329 1149 2602 1220 nouerit
2652 1151 2724 1219 in
2762 1150 3077 1221 omnibus

514 1270 1135 1360 iudicandum’,
1191 1273 1261 1341 in
1312 1270 1405 1341 Is.
1464 1270 1565 1341 XI
1618 1270 1707 1340 ad
1765 1273 1884 1358 37,
1945 1273 2036 1341 33
2097 1291 2197 1359 sq.
2255 1269 2385 1356 al.;
2439 1311 2544 1320 —
2593 1268 2818 1341 Rufin.
2878 1268 3073 1360 Orig.

513 1390 585 1461 in
650 1388 819 1460 Gen.
878 1390 1059 1461 hom.
1121 1395 1188 1478 2,
1264 1392 1303 1460 5
1383 1391 1475 1459 ‘in
1542 1389 1858 1479 aspidum
1935 1409 2235 1462 cauerna
2309 1410 2599 1478 puerum
2678 1410 3074 1477 paruum..

512 1511 964 1582 missurum
1012 1530 1288 1581 manum
1343 1516 1415 1580 et
1464 1509 1638 1579 nihil
1700 1509 2273 1596 laedendum’,
2348 1508 2442 1579 id.
2500 1507 2692 1596 Orig.
2748 1509 2820 1578 in
2873 1509 3073 1580 Rom.

512 1629 637 1716 IV,
701 1633 733 1700 1
800 1629 1121 1700 ‘dandum
1176 1628 1310 1700 sibi
1362 1629 1659 1700 credidit
1708 1627 1974 1716 filium’,
2029 1629 2124 1698 ib.
2175 1633 2220 1698 4
2275 1651 2342 1718 p.
2404 1631 2547 1700 252
2606 1628 2870 1699 Lomm.
2933 1631 3076 1718 ‘qui

513 1757 796 1837 sperant
845 1747 977 1820 sibi
1032 1769 1073 1820 a
1124 1748 1273 1819 Deo
1328 1749 1663 1820 iustitiam
1720 1747 2224 1837 reputandam',
2276 1749 2370 1819 id.
2427 1749 2606 1838 apol.
2663 1749 2820 1819 adu.
2875 1747 3071 1819 Hier.

512 1870 569 1957 Ι,
651 1873 693 1940 8
780 1869 1135 1940 ‘ecclesia.
1172 1922 1187 1939 .
1224 1889 1545 1958 neque..
1586 1869 2168 1958 incorruptionem
2240 1867 2460 1939 futuri
2529 1869 2726 1954 regni
2801 1867 2969 1939 dicit
3035 1889 3078 1938 a

512 1990 953 2078 corruptione
1002 1989 1531 2079 possidendam’,
1588 1989 1679 2060 ib.
1739 1993 1830 2060 10
1889 1989 1981 2058 ‘in
2037 2009 2174 2078 qua
2225 1989 2692 2080 (restitutione
2746 1987 3078 2076 omnium)

510 2129 644 2178 non
700 2107 919 2180 solum
972 2129 1203 2180 omnes
1261 2114 1657 2197 peccatores
1711 2109 2187 2196 absoluendos,
2265 2109 2386 2180 sed
2445 2114 2516 2180 et
2563 2109 2790 2197 ipsum
2837 2108 3078 2180 diabo-

511 2226 653 2298 lum
708 2236 779 2300 et
832 2228 1111 2318 angelos
1168 2230 1315 2300 eius
1369 2230 1778 2319 quandoque
1831 2229 1998 2300 dicit
2034 2229 2444 2300 relaxandos
2483 2249 2632 2300 esse
2669 2228 2754 2298 de
2787 2229 3074 2318 poenis’,

512 2347 607 2418 id.
660 2346 853 2437 Orig.
904 2349 976 2418 in
1029 2349 1199 2421 Jesu
1252 2349 1451 2420 Naue
1502 2349 1570 2419 h.
1631 2353 1745 2436 11,
1803 2355 1842 2419 2
1900 2351 2020 2433 in.‚
2093 2350 2188 2419 id.
2245 2348 2532 2436 Pamph.
2591 2369 2718 2436 pro
2773 2346 2966 2437 Orig.
3029 2351 3072 2418 5

512 2489 579 2556 p.
639 2469 787 2538 354
839 2469 967 2556 al.;
1028 2509 1118 2518 —-
1178 2467 1432 2556 Sulpic.
1486 2467 1641 2540 Seu.
1699 2470 1935 2540 chron.
1991 2469 2046 2558 Ι,
2111 2475 2223 2558 11,
2287 2472 2326 2540 5
2407 2472 2628 2540 ‘erant
2697 2467 2769 2537 in
2833 2467 3076 2538 eadem

377 2640 381 2644 -
514 2587 826 2659 custodia
876 2587 1176 2659 ministri
1227 2587 1412 2678 regis
1476 2588 1641 2677 duc,
1719 2591 1837 2679 qui
1907 2611 2059 2661 cum
2130 2589 2394 2661 somnia
2428 2599 2432 2602 ’
2463 2609 2586 2661 sua
2653 2587 2740 2659 ad
2812 2587 2858 2658 J
2862 2586 3075 2676 oseph

515 2708 936 2797 retulissent,
992 2729 1202 2779 unum
1242 2716 1477 2780 eorum
1506 2728 1763 2796 poenas
1815 2712 2041 2798 capite
2089 2710 2300 2781 luitu
2322 2731 2528 2796 rum,
2581 2708 2791 2779 alium
2846 2708 3076 2778 absol-

516 2828 884 2899 nendum
950 2828 1475 2917 pronuntiauit’,
1530 2828 1618 2917 Π,
1679 2833 1772 2902 33
1850 2832 2086 2901 ‘sacris
2151 2830 2471 2915 uocibus,
2545 2829 2779 2900 decem
2849 2828 3078 2917 plagis

516 2948 841 3019 mundum
896 2948 1509 3036 afficiendum,
1575 2950 2098 3036 pronuntiatum
2151 2952 2306 3035 est',
2371 2950 2424 3037 1,
2485 2954 2552 3037 6,
2614 2954 2679 3036 1,
2735 2971 2802 3019 u.
2859 2949 3074 3019 Mart:

525 3071 637 3156 16,
698 3072 745 3139 4
802 3067 1106 3157 ‘confid0,
1177 3068 1361 3158 quod
1410 3090 1538 3156 per
1589 3076 1661 3139 te
1713 3068 2163 3140 reddenda
2217 3069 2332 3140 sit
2385 3069 2714 3156 sanitati’,
2767 3071 2885 3155 23,
2945 3072 3074 3155 11;

520 3229 613 3239 -
646 3187 842 3259 Oros.
874 3188 1034 3260 hist.
1054 3188 1215 3277 VII,
1252 3193 1343 3261 39
1380 3189 1525 3259 ‘illa
1552 3191 1830 3281 (aurum
1855 3186 2381 3278 argentumque)
2419 3210 2579 3259 mox
2613 3189 3077 3277 proferen-

518 3309 619 3377 du
638 3330 705 3377 m
760 3308 1148 3397 spopondit,
1206 3328 1287 3379 ac
1328 3309 1677 3397 protulit'3
1745 3350 1828 3359 —---—
1882 3308 2066 3380 Vict.
2125 3310 2290 3398 epit.
2343 3314 2462 3393 44,
2524 3314 2564 3379 2
2621 3309 2828 3398 ‘patri
2877 3328 3079 3397 prae-

516 3434 787 3515 ceptum
844 3429 1096 3499 somnis
1146 3435 1274 3516 est,
1332 3450 1507 3516 eum,
1561 3430 1678 3518 qui
1730 3430 1867 3500 iam
1917 3429 2218 3500 instante
2269 3430 2503 3499 uxoris
2559 3434 2766 3517 partu
2822 3427 2919 3497 ed
2937 3448 3076 3498 en-

516 3546 673 3617 dus
724 3549 925 3636 foret,
984 3548 1243 3619 diceret
1292 3548 1714 3637 Jouianum’,
1770 3548 1864 3618 ib.
1931 3552 2045 3635 14,
2107 3551 2180 3636 5;
2237 3590 2311 3597 -
2387 3546 2552 3619 Cod.
2613 3547 2870 3619 Theod.
2914 3545 3070 3635 VH,

525 3672 586 3755 1,
650 3672 737 3738 13
796 3669 1034 3761 (impp.
1089 3666 1313 3755 Grat.,
1373 3666 1724 3743 Valentin.
1785 3674 1855 3739 et
1925 3666 2327 3758 Theodos.):
2406 3676 2485 3738 ut
2544 3690 2720 3738 unus
2787 3669 3076 3758 quisque

514 3787 835 3858 tribunus
888 3795 1213 3875 agnoscat
1272 3788 1469 3876 graui
1539 3810 1611 3859 se
1683 3787 2227 3858 subdendum
2289 3810 2482 3859 esse
2549 3788 2919 3877 supplicio,
3002 3788 3075 3855 in

516 3907 707 3977 cuius
768 3913 971 3996 parte
1036 3910 1423 3997 neglectum
1491 3907 1946 3996 probabitur.
1986 3908 2468 3996 .imperatum,
2545 3908 2629 3977 cf.
2694 3906 2787 3975 ib.
2854 3906 2902 3975 l.
2977 3908 3073 3975 17

516 4032 589 4097 et
647 4029 762 4115 18,
833 4033 884 4097 t.
945 4031 1012 4115 2,
1080 4028 1127 4096 l.
1198 4032 1278 4115 23
1334 4068 1432 4078 —-
1498 4026 1719 4099 Macr.
1777 4025 1921 4098 Sat.
1977 4026 2034 4115 Ι,
2113 4031 2228 4105 10,
2306 4032 2394 4098 13
2472 4032 2581 4099 ‘ne
2648 4026 3074 4097 commodum

515 4148 779 4235 primae
832 4149 1228 4236 occasionis,
1280 4168 1431 4219 cum
1487 4170 1561 4219 se
1628 4148 1902 4219 domum
1961 4150 2338 4237 reciperet,
2413 4146 2946 4219 offerendae
2995 4144 3072 4236 (i.

518 4289 591 4339 se
649 4268 1037 4355 oblaturae)
1098 4271 1649 4357 aspernaretur'‚
1714 4310 1800 4319 ———
1870 4267 2175 4339 Cassian.
2233 4290 2419 4339 coen.
2476 4268 2638 4337 inst.
2695 4266 2780 4355 X,
2853 4270 2900 4337 4
2975 4268 3080 4336 ‘ut

516 4386 763 4458 dextra
813 4388 1149 4477 laeuaque
1201 4387 1260 4458 si
1310 4387 1668 4477 paululum
1723 4388 2164 4459 deflectamus
2225 4388 2518 4461 sciamus
2567 4408 2690 4457 nos
2739 4386 3077 4475 pernicio-

516 4506 612 4577 sis
656 4528 815 4577 mox
866 4508 1179 4579 cautibus
1221 4507 1661 4579 illidendo
1682 4511 1773 4597 s’;
1812 4550 1914 4559 --
1957 4506 2186 4579 Sidon.
2231 4509 2532 4597 Apollin.
2578 4510 2816 4598 (unum
2853 4507 3076 4577 locum

518 4627 632 4695 cit.
686 4626 883 4698 Neue
930 4626 977 4699 l.
1032 4627 1151 4718 l.);
1216 4670 1299 4681 --
1354 4628 1661 4701 Cassiod.
1717 4630 1790 4699 in
1841 4650 1944 4721 ps.
2003 4632 2120 4717 78,
2181 4635 2223 4700 6
2299 4629 2628 4703 ‘sciebant
2695 4650 2768 4699 se
2831 4650 2872 4699 a
2929 4626 3072 4698 Do-
