3409 5300
1758 457 1840 516 36

517 663 907 754 mitas21),
975 663 1747 754 temporalitas22),
1822 663 2711 754 tr1initas2³)‚-tum2·ditas,
2784 665 3081 740 ³⁰uerbo-

518 782 821 872 sitas2⁴);
877 828 966 840 -—-
1019 786 1434 856 *credulitas
1487 785 1690 856 eccl.
1744 781 1829 874 (D
1884 809 1954 876 p.
1996 791 2090 858 90
2142 784 2299 875 sq.),
2358 793 2434 857 ut
2482 809 2541 858 e.
2582 809 2637 856 c.
2681 788 2750 856 in
2788 787 3077 859 Philem.

519 907 605 976 ad
661 929 726 976 u.
787 911 831 976 4
885 927 1032 996 sqq.
1095 910 1254 977 ‘una
1299 893 1512 994 atque
1555 907 1793 978 eadem
1866 907 2241 978 credulitas
2299 908 2368 976 in
2422 907 2711 998 Moysen
2782 909 3083 979 refertur

519 1033 592 1096 et
644 1027 714 1096 in
762 1026 1008 1112 Deum,
1064 1032 1142 1096 ut
1194 1027 1487 1115 populus
1541 1029 1658 1116 qui
1707 1027 2039 1099 credebat
2083 1027 2153 1100 in
2202 1026 2571 1098 Dominum
2607 1049 2828 1118 aeque
2863 1029 3081 1100 credi-

521 1145 705 1216 disse
758 1145 1026 1214 dicatur
1079 1147 1149 1215 in
1205 1147 1504 1218 seruum'
1571 1139 1684 1228 (cf.
1728 1147 2148 1234 infidelitas),
2188 1188 2277 1198 —
2316 1148 2719 1220 *curiositas
2772 1170 2838 1239 q.
2886 1153 3080 1218 πολυ-

519 1277 944 1358 πραγμοσύνη
1001 1273 1070 1337 et
1139 1272 1460 1336 meton.
1519 1265 1737 1348 (Tert.
1796 1287 1904 1355 ap.
1964 1269 2100 1336 25:
2178 1267 2308 1337 etsi
2362 1288 2405 1336 a
2455 1267 2688 1338 Numa
2756 1275 3083 1357 concepta

517 1391 623 1456 est
676 1387 1040 1458 curiositas
1091 1387 1592 1474 superstitiosa,
1665 1385 1963 1458 nondum
2020 1391 2249 1456 tamen
2318 1392 2439 1459 aut
2509 1387 2893 1458 simulacris
2962 1394 3083 1459 aut

519 1507 797 1594 templis
851 1528 962 1578 res
1033 1507 1271 1579 diuina
1340 1506 1524 1594 apud
1594 1507 1939 1578 Romanos
2010 1507 2414 1594 constabat',
2501 1505 2593 1576 ib.
2672 1509 2711 1576 5
2780 1508 3079 1580 omnium

519 1626 995 1696 curiositatum
1050 1626 1467 1714 explorator,
1519 1647 1822 1714 praescr.
1879 1626 2069 1696 haer.
2112 1629 2240 1711 40)
2294 1627 2365 1696 in
2414 1624 2567 1697 Gal.
2614 1627 2678 1696 II
2728 1627 2816 1697 ad
2871 1633 2939 1714 4,
2996 1631 3080 1698 10

521 1765 621 1834 sq.
680 1745 765 1816 de
829 1747 1178 1835 superflua
1245 1745 1551 1816 ciborum
1621 1746 2043 1834 curiositate,
2108 1787 2196 1798 -—
2266 1746 2651 1818 *festiuitas
2712 1751 2953 1817 meten.
3012 1749 3080 1818 in

525 1867 612 1936 Is.
669 1865 737 1934 II
790 1866 878 1936 ad
934 1871 1000 1954 3,
1056 1871 1095 1937 3
1151 1865 1590 1938 Pentecostes
1647 1867 2099 1937 celeberrima
2164 1867 2532 1955 festiuitaS,
2604 1867 2635 1935 I
2693 1866 2778 1937 ad
2839 1871 2901 1956 1,
2966 1871 3081 1954 14,

519 2007 664 2075 reg.
721 1985 1040 2056 Pachom.
1097 2007 1202 2074 pr.
1267 1988 1306 2056 7
1363 1987 1476 2066 aL,
1541 2027 1628 2036 —-—
1689 1985 1761 2055 in
1813 1987 1899 2057 Is.
1958 1987 2061 2061 IX
2114 1988 2203 2058 ad
2270 1992 2389 2076 29,
2449 1991 2479 2056 1
2545 1985 2859 2058 ‘Judaica
2922 1987 3084 2058 reli-

523 2107 722 2194 gione
777 2107 1050 2176 sublata
1103 2107 1320 2176 omnis
1371 2127 1606 2176 eorum
1657 2104 2007 2177 festiuitas
2044 2107 2313 2195 periit’,
2350 2147 2440 2156 —
2490 2106 2885 2195 *gentilitas
2923 2105 3083 2176 eccl.

523 2225 990 2297 Heidenthum
1045 2245 1152 2314 ep.
1200 2228 1316 2313 65,
1364 2229 1453 2295 16
1509 2225 1771 2296 ueteris
1824 2225 2235 2312 gentilitatis
2275 2231 2344 2297 et
2380 2225 2815 2297 idololatriae
2854 2233 3088 2299 errore

524 2351 935 2434 contemptO,
985 2348 1148 2433 107,
1191 2349 1232 2414 2
1285 2343 1747 2416 ‘solitudinem
1793 2346 2059 2433 patitur
2109 2353 2179 2417 et
2230 2346 2301 2415 in
2344 2345 2517 2416 urbe
2564 2344 2937 2434 gentilitii-S,
2991 2345 3087 2416 dii

527 2465 869 2555 quondam
914 2465 1266 2535 nationum
1322 2485 1474 2534 cum
1527 2463 1916 2536 bubonibus
1971 2473 2041 2536 et
2072 2467 2339 2536 noctuis
2376 2466 2445 2534 in
2484 2466 2648 2536 solis
2678 2467 3087 2536 culminibus

525 2587 1049 2673 remanserunt’,
1107 2584 1262 2656 adu.
1319 2583 1481 2672 Vig.
1539 2587 1578 2655 5
1621 2584 1708 2656 al.
1754 2585 1865 2681 (cf.
1896 2608 1963 2676 p.
1998 2589 2090 2658 49
2120 2585 2489 2677 *gentilis),
2520 2625 2617 2636 -
2658 2585 3089 2657 *humanitas

525 2713 778 2777 meton.
834 2704 1070 2794 (App,
1125 2705 1410 2792 Minuc,
1467 2705 1672 2799 Arn.)
1724 2727 1829 2794 ep.
1891 2710 2011 2792 55,
2070 2709 2110 2777 5
2170 2706 2687 2777 ‘humanitatem
2741 2706 2870 2777 hoc
2942 2708 3088 2778 loco

528 2827 814 2897 dicimus
866 2847 998 2895 non
1052 2824 1644 2895 mansuetudinem
1681 2832 1753 2897 et
1788 2825 2218 2897 clementiam
2256 2824 2910 2911 (Menschlichkeit),
2968 2826 3088 2895 sed

527 2968 724 3017 omne
769 2946 1116 3015 hominum
1167 2946 1404 3031 genus’
1460 2944 1974 3039 (Menschheit),
2020 2986 2123 2995 —
2160 2943 2569 3015 *infidelitas
2624 2942 2818 3014 eccl.
2862 2964 2917 3014 c.
2958 2944 3089 3015 Pe-

527 3066 664 3155 lag.
721 3064 808 3153 ΙΙ,
872 3069 964 3135 14
1023 3064 1324 3133 ‘Marcus
1378 3064 1618 3135 scribit
1667 3070 1755 3159 (c.
1812 3060 1887 3148 6)
1940 3064 2027 3135 de
2074 3065 2403 3135 Domino:
2480 3070 2553 3135 et
2618 3086 2753 3133 non
2816 3069 3091 3151 poterat

528 3186 626 3256 ibi
677 3206 762 3255 ne
813 3205 1018 3254 unam
1072 3182 1346 3272 quidem
1399 3183 1626 3254 facere
1673 3185 2049 3255 uirtutem.
2085 3240 2126 3271 .,
2182 3192 2253 3255 et
2297 3184 2771 3255 admirabatur
2806 3189 3091 3271 propter

529 3304 1079 3377 incredulitatem
1137 3325 1394 3376 eorum.
1503 3304 1839 3375 Dominus
1896 3304 2149 3375 dicitur
2201 3327 2335 3375 non
2386 3306 2692 3393 potuisse
2746 3304 2815 3371 in
2864 3299 3089 3372 Naza-

529 3425 682 3495 reth
739 3446 822 3495 ne
867 3445 1070 3493 unam
1134 3424 1409 3513 quidem
1473 3426 1700 3497 facere
1765 3426 2119 3513 uirtutem,
2192 3430 2262 3495 et
2329 3423 2756 3495 infidelitatis
2826 3422 3091 3495 alienae

531 3552 812 3633 stupore
865 3545 1252 3632 retinetur’,
1310 3544 1467 3615 adu.
1525 3544 1748 3615 Lucis.
1815 3548 1908 3616 17
1976 3545 2125 3615 ‘sub
2158 3564 2322 3631 rege
2378 3541 2780 3612 Constantio
2828 3546 2951 3624 (sc.
3020 3541 3091 3608 in

531 3664 788 3755 synodo
830 3665 1275 3753 Ariminensi)
1317 3664 1442 3734 sub
1484 3666 1756 3734 nomine
1800 3665 2087 3735 unitatis
2123 3667 2192 3735 et
2228 3663 2389 3733 fidei
2428 3660 2796 3732 infidelitas
2836 3662 3094 3748 scripta

533 3788 684 3871 est’,
737 3806 842 3873 ep.
900 3789 1018 3873 60,
1080 3788 1119 3855 5
1179 3806 1283 3856 ex.
1335 3785 1450 3873 al.,
1507 3784 1713 3855 item
1766 3784 2064 3855 fidelitas
2117 3805 2173 3854 c.
2230 3783 2467 3869 Pelag.
2523 3782 2613 3870 ΙΙ,
2658 3785 2748 3851 22
2808 3778 2936 3866 (sic
2988 3780 3092 3849 in-

533 3906 753 3977 fidelis
821 3906 957 3976 iam
1013 3904 1079 3974 S.
1139 3903 1208 3974 S.
1257 3909 1424 3991 uet.,
1495 3902 1702 3993 Gypr.
1766 3924 1872 3991 ep.
1930 3906 2047 3991 30,
2107 3906 2145 3973 3
2201 3903 2316 3990 al.,
2390 3902 2559 3971 Arn.
2618 3898 2707 3989 ΙΙ,
2768 3902 2903 3971 60:
2967 3899 3095 3968 hoc

535 4026 808 4113 saepius
854 4025 1213 4095 dicendum
1268 4030 1393 4112 est,
1453 4029 1529 4093 ut
1582 4023 1959 4093 infidelium
2015 4022 2315 4093 dissiliat
2364 4028 2433 4093 et
2488 4020 2923 4108 dirumpatur
2973 4040 3094 4089 au-

535 4146 750 4233 ditus,
825 4146 1030 4217 etiam
1097 4144 1320 4215 fidelis
1385 4144 1484 4214 sic
1537 4142 1604 4213 S.
1663 4141 1773 4230 S.;
1828 4144 1911 4213 cf.
1969 4150 2041 4214 et
2107 4141 2438 4230 *perfidia
2491 4140 2611 4209 inf.
2663 4160 2731 4226 p.
2774 4140 2937 4227 44);
2994 4178 3095 4189 ——-

535 4407 628 4474 21)
667 4422 794 4473 quu.
831 4404 981 4457 hebr.
1022 4404 1076 4457 in
1113 4404 1242 4456 Gen.
1281 4406 1370 4469 47,
1411 4406 1476 4456 31
1518 4402 1737 4471 sceptri,
1779 4416 1825 4456 e.
1863 4402 1973 4455 Pel.
2003 4402 2047 4469 Ι,
2089 4404 2157 4454 34
2194 4398 2361 4467 pedis,
2390 4396 2511 4453 adu.
2538 4395 2717 4451 Jouin.
2746 4396 2819 4467 II,
2851 4399 2921 4449 30
2956 4394 3097 4449 auri-

535 4496 685 4551 culae
721 4495 790 4549 al.
831 4494 896 4563 (D
933 4510 987 4561 p.
1027 4496 1150 4561 281,
1190 4492 1363 4545 Scrut.
1401 4508 1454 4559 p.
1494 4493 1605 4561 23).
1669 4492 1762 4561 22)
1802 4490 1859 4544 in
1895 4490 1983 4544 Os.
2011 4490 2036 4541 I
2062 4488 2131 4542 ad
2171 4493 2221 4557 1,
2255 4492 2301 4543 1.
2364 4487 2457 4555 23)
2494 4500 2673 4555 saepe,
2710 4492 2771 4539 ut
2806 4485 2931 4541 Did.
2968 4484 3096 4553 spir.

533 4590 702 4637 sanct.
755 4586 836 4636 16.
913 4581 1005 4649 24)
1055 4596 1137 4649 ep.
1187 4584 1308 4651 130,
1361 4585 1424 4635 17
1475 4580 1538 4633 ‘si
1589 4580 1747 4633 rudes
1795 4578 2113 4633 secularium
2161 4576 2434 4631 literarum
2456 4612 2470 4629 .
2492 4615 2505 4629 .
2527 4575 2803 4645 quippiam
2851 4574 3095 4644 legerint,

535 4672 914 4727 uerbositatem
933 4669 1096 4725 solam
1119 4670 1330 4725 discunt
1351 4670 1549 4737 absque
1568 4668 1759 4724 notitia
1776 4665 2205 4737 Scripturarum’‚
2224 4668 2313 4735 96,
2336 4668 2389 4736 6,
2412 4664 2536 4723 adu,
2554 4664 2731 4721 Rufin.
2751 4665 2797 4735 1,
2822 4666 2886 4717 15
2906 4663 2975 4718 al.
2996 4663 3097 4731 (2).
