3409 5300
1737 389 1821 448 20

504 599 870 670 habuimus
922 601 1266 668 trecentas
1318 597 1570 686 uiginti
1632 603 1949 688 quatuor,
2020 589 2202 688 quod
2270 599 2560 671 multum
2630 619 2781 671 esse
2846 600 3061 671 lector

502 721 734 791 statim
791 718 1154 806 intellegit,
1227 721 1555 807 quantum
1622 719 1939 806 portione
2004 719 2099 790 sit
2164 721 2482 792 aestimet
2543 697 2735 808 ipse.
2817 721 3060 808 Itaque

502 843 638 912 iam
689 861 804 913 eas
831 859 1080 925 uoceS,
1137 857 1312 926 quae
1364 836 1435 905 in
1485 836 1763 925 scriptis
1800 858 2128 910 consensu
2164 841 2465 910 omnium
2502 839 3059 928 Hieronymianis

502 981 636 1031 non
681 957 1146 1045 inueniuntur,
1203 955 1336 1026 nisi
1372 954 1552 1027 forte
1589 977 1711 1027 nos
1748 958 2082 1046 quaedam
2122 979 2355 1029 earum
2393 958 2765 1045 latuerunt,
2807 975 3059 1045 operae

500 1081 800 1168 pretium
853 1078 1064 1150 fuerit
1114 1097 1240 1164 per
1293 1076 1566 1164 singula
1611 1097 1869 1165 genera
1921 1075 2288 1148 subindere
2335 1077 2489 1169 (sub
2532 1081 2733 1147 nota:
2788 1075 3053 1164 Breu.),

500 1205 579 1270 ut
613 1205 774 1270 sunt
808 1199 908 1268 -io
956 1197 1182 1267 finita:
1239 1189 1606 1295 absorptio
1656 1197 1727 1266 in
1765 1195 2006 1286 psalm.
2046 1200 2223 1267 140:
2282 1195 2613 1284 ‘absorpti
2648 1201 2809 1266 sunt
2843 1195 3058 1266 iuncti

501 1325 742 1409 petrae
779 1317 1038 1389 iudices
1083 1320 1383 1388 eorum’.
1421 1373 1435 1388 .
1468 1317 1821 1405 absorptio
1860 1337 1985 1404 pro
2022 1316 2317 1386 uictoria
2353 1315 2626 1404 dicitur,
2678 1313 3057 1386 absorbitio

503 1439 708 1529 Aug,
769 1476 860 1489 —-
921 1435 1330 1507 cohabitatio
1382 1439 1454 1506 in
1506 1457 1608 1526 ps.
1671 1439 1765 1506 43
1822 1443 2107 1523 propter
2158 1434 2733 1506 cohabitationem
2768 1433 3055 1504 munda-

502 1579 658 1630 nam
727 1560 798 1649 (ο
840 1577 908 1646 p.
966 1559 1061 1645 7),
1115 1595 1206 1608 -—-
1265 1555 1797 1644 corporatio
1866 1555 1937 1622 in
2007 1575 2112 1643 ps.
2168 1558 2259 1625 33
2334 1559 2534 1644 ‘quae
2597 1554 2683 1626 de
2748 1554 3051 1642 auribuS,

502 1678 716 1750 oculis
769 1699 849 1749 ac
898 1676 984 1748 de
1035 1675 1236 1747 uultu
1289 1675 1630 1763 dicuntur,
1683 1695 1817 1744 non
1874 1673 1961 1744 ad
2014 1675 2562 1763 corporationem
2612 1675 2686 1765 (i.
2736 1693 3056 1762 corpora-

501 1795 798 1886 litatem)
837 1795 1138 1867 Deitatis
1181 1849 1194 1864 .
1232 1850 1246 1864 .
1280 1794 1643 1866 referenda
1681 1795 1863 1865 sunt'
1902 1793 2016 1882 al.,
2056 1793 2271 1864 Mart.
2302 1789 2498 1883 Cap„
2540 1791 2783 1864 Claud.
2812 1794 3052 1882 Mam„

508 1957 595 1969 -—
655 1915 1124 1986 corroboratio
1176 1912 1274 2004 (S.
1333 1912 1402 1982 S.
1459 1935 1568 2003 ap.
1621 1912 1829 2002 Aug,
1886 1911 2129 2003 Gypr.)
2182 1914 2254 1983 in
2302 1933 2403 2002 pS.
2464 1917 2559 1985 30
2617 1915 2709 1983 ‘in
2745 1913 2842 1984 Te
2898 1934 3055 2002 spes

503 2040 608 2106 est
659 2032 1238 2106 corroborationis
1289 2035 1528 2120 meae’,
1583 2028 1767 2103 Vict.
1826 2032 2111 2121 Tunon.,
2172 2071 2260 2083 —-
2322 2032 2636 2105 *diffusio
2687 2053 2927 2124 propr.
2984 2033 3055 2102 in

501 2175 605 2244 ps.
677 2157 774 2226 44
837 2153 1140 2242 gratiae,
1219 2151 1453 2242 Eges,
1527 2157 1763 2242 postt.,
1819 2193 1922 2202 —-
1987 2153 2237 2224 *elatio
2305 2152 2554 2223 transl.
2628 2149 3054 2224 Uebermuth

502 2272 741 2365 (Vulg.
791 2273 1034 2359 Mace,
1091 2271 1288 2358 Arn'.,
1331 2265 1604 2361 Ambr.)
1638 2271 1712 2342 in
1745 2293 1849 2361 ps,
1886 2277 1969 2342 2:
2012 2272 2291 2344 ‘seruite
2318 2273 2613 2345 Domino
2648 2275 2719 2344 in
2756 2273 3049 2344 timore'.

502 2393 776 2466 Timore
827 2390 1022 2479 dixit,
1079 2397 1157 2461 ut
1205 2391 1572 2462 elationem
1620 2392 1723 2463 eis
1776 2394 2073 2482 tolleret,
2126 2395 2196 2464 in
2254 2396 2349 2464 28
2414 2397 2745 2466 ‘conteret
2813 2393 3052 2468 elatio-

501 2532 622 2586 nes
674 2515 868 2601 eius’,
923 2497 1424 2586 -ouolatioz
1482 2506 1561 2599 B,
1623 2552 1712 2564 —-
1770 2513 2125 2602 instigatio
2182 2512 2324 2604 (Ad
2360 2514 2555 2599 Her.‚
2594 2551 2695 2564 —-
2731 2510 2935 2598 rece.)
2980 2511 3053 2580 in

501 2649 606 2723 ps.
671 2631 806 2705 123
881 2635 1165 2705 ‘animas
1217 2637 1488 2704 nostras
1541 2653 1666 2722 per
1714 2617 2230 2721 instigationem
2278 2634 2611 2705 scelerum
2662 2631 3051 2721 deglutire’,

505 2756 594 2824 in'
633 2757 800 2841 144,
855 2793 958 2805 --
1005 2747 1412 2829 novellatio
1467 2752 1548 2844 (1)
1602 2754 1673 2823 in
1726 2771 1829 2841 ps.
1896 2756 1992 2823 87
2048 2754 2246 2825 ‘iram
2292 2760 2362 2826 et
2397 2752 2768 2842 procellam
2805 2751 3055 2822 macel-

504 2872 782 2943 lationis
832 2874 1088 2944 furoris
1140 2875 1266 2961 tui,
1337 2891 1506 2962 quas
1558 2873 1629 2942 in
1685 2872 2005 2962 gentibus
2058 2874 2395 2944 effusurus
2438 2874 2625 2960 eraS,
2695 2892 2903 2960 super
2946 2892 3055 2963 me

505 2991 859 3063 induxisti’
897 2996 1048 3085 (anz
1089 2992 1592 3064 uacillationis‘?
1628 2993 1674 3063 i.
1714 2992 2120 3083 fluctuatio),
2165 3034 2253 3045 -—-
2303 2984 2797 3091 municipatim
2836 2986 2914 3080 D,
2960 3032 3047 3041 -—-

504 3096 924 3182 obumbratio
984 3110 1058 3205 (2
1116 3119 1186 3184 et
1236 3107 1290 3187 B
1346 3136 1414 3202 p.
1474 3114 1648 3202 288)
1713 3112 1783 3181 in
1836 3134 1939 3202 ps.
2004 3116 2146 3184 127
2196 3134 2347 3185 cum
2399 3110 2814 3203 pinguedine
2867 3112 3054 3203 pacis

505 3238 576 3303 et
610 3231 1136 3305 obumbratione
1184 3232 1466 3305 uirtutis
1520 3237 1701 3325 (gen.
1748 3233 1979 3323 subi.)‚
2024 3270 2111 3283 —-
2171 3234 2521 3322 uegetatio
2560 3232 2803 3324 (App.)
2841 3234 2911 3302 in
2948 3252 3051 3320 ps.

511 3354 656 3422 134
713 3354 884 3421 ‘cum
937 3351 1192 3423 nullius
1245 3352 1536 3424 membri
1598 3353 2104 3441 uegetationem
2174 3351 2522 3440 habeant’,
2591 3350 2816 3440 Oros,
2889 3350 3055 3423 Cas-

503 3471 701 3559 siam,
763 3512 850 3523 -—-
899 3452 1194 3549 uolutio‘
1225 3474 1297 3543 in
1347 3494 1450 3561 ps.
1507 3475 1602 3544 97
1661 3472 1974 3561 ‘gelenim
2028 3472 2316 3543 uolutio⁷
2369 3476 2489 3565 (sc.
2542 3471 2844 3563 dicitur).

610 3725 615 3734 .
685 3677 1031 3748 Praeterea
1090 3684 1320 3747 notatu
1379 3682 1574 3764 digna
1643 3678 2029 3745 uidebantur
2099 3679 2162 3743 in
2226 3678 2598 3763 Hieronymi
2659 3679 2916 3761 scriptis
2978 3698 3055 3747 ex

505 3764 794 3831 confesso
865 3767 1108 3835 scilicet
1179 3769 1474 3849 genuinis
1543 3770 1607 3833 in
1675 3770 1767 3833 -io
1836 3768 2135 3833 exeuntia
2202 3768 2391 3833 haec:
2452 3768 2573 3849 ΡΑ
2642 3768 2883 3835 ablutio
2952 3788 3050 3852 ep.

507 3859 612 3937 64,
665 3860 739 3919 21
793 3862 1218 3940 peccatorum,
1269 3858 1475 3937 Vulg.,
1540 3856 1757 3939 Maon,
1807 3892 1893 3904 --
1941 3857 2280 3938 acquisitio
2326 3858 2393 3921 in
2436 3856 2603 3939 E‘ph.
2652 3858 2685 3922 I
2729 3856 2810 3922 ad
2862 3864 2917 3940 1,
2974 3860 3053 3920 14

507 3944 964 4030 ιπεεριποιήσιν,
1049 3965 1239 4029 quam
1315 3964 1431 4011 nos
1513 3944 1997 4027 acquisitionem
2077 3947 2211 4011 siue
2286 3946 2754 4027 possessionem
2828 3961 3053 4027 possu-

504 4050 664 4097 mus·
707 4033 939 4099 dioere’
988 4035 1087 4115 al.,
1136 4070 1223 4084 --
1283 4035 1572 4100 adoratio
1633 4033 1829 4117 (App.
1878 4035 1961 4117 s.)
2020 4034 2085 4099 in
2147 4035 2229 4101 Is.
2293 4034 2418 4101 XII
2472 4036 2553 4099 ad
2609 4040 2716 4114 44,
2782 4040 2820 4099 6
2888 4052 3050 4116 sqq.,

505 4156 592 4167 -
640 4123 894 4189 adustio
927 4124 1177 4211 (Lact.)
1224 4124 1290 4187 in
1333 4124 1451 4188 Ez.
1497 4123 1559 4187 h.
1613 4129 1671 4187 5.
1729 4130 1755 4187 1
1810 4120 1875 4207 (1
1922 4132 1989 4188 et
2034 4121 2097 4205 3,
2146 4123 2352 4189 Scrut.
2385 4143 2447 4206 p.
2486 4124 2619 4207 20),
2652 4158 2737 4169 —
2786 4121 3052 4188 afflictio

505 4210 701 4293 (Sen,
749 4247 838 4258 —
881 4212 1057 4277 Tert.
1107 4228 1292 4292 poen.
1343 4212 1451 4294 9‘?)
1497 4212 1564 4275 in
1598 4212 1733 4277 Jer.
1768 4212 1797 4276 Ι
1828 4213 1909 4276 ad
1958 4216 2015 4293 2,
2054 4216 2131 4277 35
2169 4231 2263 4294 sq.
2312 4213 2377 4276 in
2422 4217 2711 4293 tempore
2759 4209 3052 4277 affiictio-

507 4300 606 4363 nis
653 4305 720 4365 et
765 4302 1121 4381 angustiae,
1169 4299 1230 4363 in
1279 4300 1364 4366 Is.
1405 4300 1555 4365 XVI
1601 4301 1682 4367 ad
1732 4306 1835 4382 58,
1870 4308 1909 4365 4
1958 4320 2051 4384 sq.
2102 4302 2205 4383 al.,
2242 4300 2447 4380 Vulg.,
2496 4304 2717 4382 postt.,
2753 4338 2837 4349 -—
2886 4320 3052 4367 com-

505 4389 773 4453 monitio
821 4385 912 4472 (1)
959 4407 1057 4470 ep.
1113 4392 1255 4469 148,
1311 4393 1387 4453 13
1436 4390 1518 4455 ad
1564 4390 2120 4457 commonitionem
2166 4394 2653 4471 praeceptorum
2698 4390 2846 4471 Dei,
2904 4391 3050 4457 adu.

504 4475 712 4541 Rufin.
761 4476 873 4558 111,
925 4482 962 4539 2
1019 4476 1120 4557 al.,
1169 4508 1256 4523 -——
1313 4478 1782 4559 congratulatio
1838 4479 2073 4563 (VMx.‚
2123 4514 2209 4526 —
2256 4478 2519 4561 Donat.)
2575 4478 2642 4543 in
2698 4478 2783 4546 Is,
2830 4477 2922 4544 XI
2970 4478 3052 4544 ad

506 4569 610 4649 39,
651 4569 680 4628 1
735 4567 903 4649 ‘post
947 4570 1194 4632 tantam
1238 4568 1576 4635 uictoriam
1622 4573 1688 4633 et
1732 4567 2349 4649 congratulationem
2394 4569 2576 4649 regni
2617 4568 3053 4652 potentissimi
