3409 5300
1791 445 1872 506 96

550 657 891 728 ductitare
944 679 1051 746 ep.
1114 662 1348 768 5⁰’,4’
1400 658 1734 746 gestitare
1785 657 1942 728 adu.
1984 657 2214 728 Jouin.
2257 658 2323 726 ΙΙ
2381 663 2460 727 21
2523 657 2844 728 callosam
2901 677 3106 744 opere

552 780 887 867 gestitans
954 799 1250 866 manum,
1314 779 1597 864 lactare,
1671 784 1750 848 ut
1803 799 1908 866 ep.
1972 781 2090 866 81,
2167 779 2210 846 8
2283 781 2454 847 ‘cum
2519 793 2641 847 nos
2707 777 2867 847 ficta
2919 777 3106 866 pacis

550 899 937 970 ostensione
986 899 1396 984 lactauerit’,
1456 899 1523 968 in
1582 897 1706 968 Ez.
1747 897 1850 970 XI
1890 898 1979 970 ad
2017 903 2136 984 39,
2189 903 2216 968 1
2269 919 2444 986 sqq.,
2483 897 2852 968 mussitare
2891 897 3104 988 (Liu.,

551 1019 757 1108 App,
810 1039 1093 1108 quorum
1154 1039 1243 1088 ss.
1301 1017 1371 1087 ll.
1428 1019 1575 1108 cit.)
1626 1039 1732 1106 ep.
1797 1021 1912 1106 71,
1977 1023 2006 1088 1
2074 1022 2216 1088 ‘ut.
2259 1039 2566 1088 ‚mecum
2619 1019 2872 1087 tacitus
2925 1037 3106 1086 mus-

550 1139 831 1210 sitarem
866 1195 879 1208 .
914 1141 955 1208 .’
1011 1140 1081 1210 et
1126 1159 1351 1226 saepe,
1410 1137 1808 1227 quaeritare
1862 1139 1929 1208 in
1981 1138 2234 1208 Matth.
2297 1138 2362 1206 II
2399 1138 2486 1209 ad
2534 1141 2644 1224 12,
2693 1141 2779 1208 13
2823 1138 3109 1222 uictum,

550 1261 873 1330 uictitare
938 1259 1007 1328 in
1078 1255 1233 1329 Gal.
1290 1257 1357 1326 II
1412 1257 1501 1328 ad
1558 1262 1622 1346 3,
1690 1262 1786 1328 27
1855 1280 1956 1347 sq.
2030 1258 2122 1326 ‘hi
2199 1259 2318 1346 qui
2389 1257 2666 1328 sordide
2733 1258 3107 1343 uictitant’,

549 1399 655 1468 ep.
724 1374 865 1449 107
875 1434 889 1464 ,
949 1380 1037 1448 10
1092 1379 1163 1447 in
1215 1378 1643 1448 cochlearum
1680 1399 1937 1450 morem
1977 1397 2173 1448 succo
2213 1377 2539 1448 uictitans
2577 1399 2720 1465 suc,
2775 1399 2831 1446 c.
2873 1377 3106 1448 Jouin.

551 1497 641 1586 II,
702 1502 742 1568 7
795 1506 865 1568 et
914 1518 1126 1586 saep..
1174 1539 1263 1548 —
1309 1505 1380 1567 et
1415 1497 1573 1576 alia,
1632 1503 1712 1567 ut
1743 1497 2064 1568 factitare
2111 1498 2180 1568 in
2217 1495 2429 1568 Mtth.
2473 1497 2576 1568 III
2611 1497 2702 1568 ad
2744 1501 2862 1584 23,
2907 1503 2947 1568 6
2989 1497 3106 1580 al.,

548 1618 936 1688 discursare
989 1616 1158 1706 (pA)
1212 1638 1321 1704 ep.
1384 1619 1500 1704 50,
1554 1621 1600 1686 4
1654 1617 1974 1688 iactitare
2026 1617 2238 1704 (Liu.,
2288 1618 2430 1689 Jul.
2487 1617 2680 1699 Val.)
2732 1618 2802 1686 in
2841 1617 2964 1687 Ez.
3005 1616 3110 1687 IX

545 1737 631 1808 ad
691 1742 808 1825 29,
884 1740 924 1808 3
978 1758 1125 1826 sqq.
1184 1737 1391 1826 ‘quod
1438 1737 1683 1808 fluuios
1743 1749 1814 1810 et
1865 1741 2054 1810 riuos
2104 1738 2250 1809 Nili
2305 1761 2347 1810 a
2399 1760 2472 1808 se
2517 1739 2736 1808 factos
2789 1737 3107 1826 iactitet’,

549 1857 614 1926 X
666 1855 757 1932 ad
814 1860 933 1945 33,
993 1861 1085 1928 23
1144 1878 1289 1946 sqq.
1348 1864 1419 1927 et
1470 1879 1697 1948 saepe,
1757 1859 1971 1948 Sulp.,
2027 1859 2208 1947 Seu„
2265 1859 2599 1946 lectitare,
2656 1866 2736 1929 ut
2784 1879 2889 1947 ep.
2941 1861 3108 1946 123,

559 1982 673 2063 11,
729 1977 1103 2048 mansitare
1156 1975 1387 2063 (Plin.,
1452 1976 1636 2065 Tac.,
1698 2023 1787 2032 -—
1847 1979 1984 2050 Sol.
2049 1985 2112 2068 1,
2188 1981 2315 2049 18:
2389 1980 2488 2050 ibi
2531 1977 2864 2050 Romulus
2915 1997 3112 2047 man-

551 2097 812 2184 sitauit,
868 2097 1149 2180 Fronte,
1222 2094 1364 2167 Jul.
1417 2095 1601 2187 Val.,
1672 2099 1892 2171 Lucif.
1937 2121 2062 2190 pro
2119 2099 2371 2170 Athan.
2429 2100 2462 2168 I
2516 2120 2582 2189 p.
2640 2103 2770 2170 831
2839 2096 3111 2184 Migne)

551 2239 615 2286 u.
676 2216 899 2288 Hilar.
960 2219 1052 2287 39
1106 2216 1344 2303 paucis
1394 2217 1635 2290 diebus
1684 2221 1755 2290 in
1803 2223 2027 2292 uicino
2077 2221 2302 2309 agello
2351 2222 2728 2301 mansitans
2769 2217 2884 2306 al.,
2925 2218 3113 2286 Lau-

551 2343 725 2408 rent.
782 2337 961 2406 hom.
1028 2341 1089 2421 1,
1160 2343 1437 2423 reptare
1491 2359 1596 2427 ep.
1656 2345 1772 2429 54,
1830 2346 1876 2411 4
1931 2343 2019 2412 al.
2078 2340 2278 2412 Huic.
2333 2342 2569 2432 generi
2619 2339 3110 2411 accensendum

552 2479 700 2530 esse
748 2456 1025 2528 uidetur
1079 2455 1284 2524 etiam
1339 2458 1756 2532 manducare
1811 2463 2244 2550 (productum
2285 2483 2367 2532 ex
2405 2482 2483 2530 eo
2524 2482 2588 2549 q.
2631 2481 2688 2530 e.
2730 2458 3109 2546 mandere),

552 2579 732 2670 quod
794 2596 1078 2667 prorsus
1148 2577 1192 2645 i.
1265 2577 1470 2651 edere
1526 2574 1607 2673 (A
1658 2603 1726 2670 p.
1793 2582 1916 2671 51)
1977 2589 2210 2654 noster
2276 2600 2547 2669 quoque
2599 2599 2855 2667 ponere
2911 2577 3108 2659 solet,

549 2710 629 2771 ut
702 2700 771 2769 in
848 2698 972 2769 Ez.
1026 2696 1129 2767 VI
1180 2698 1268 2769 ad
1332 2702 1443 2786 18,
1519 2705 1559 2771 5
1635 2723 1783 2791 sqq.
1839 2703 1978 2791 ‘qui
2029 2702 2616 2771 manducauerunt
2666 2706 2736 2769 et
2785 2698 3114 2767 biberunt

550 2828 619 2891 et
667 2818 961 2891 saturati
1014 2818 1217 2904 sunt’,
1278 2838 1381 2905 ep.
1428 2822 1545 2907 31,
1594 2826 1655 2906 1,
1703 2825 1870 2907 123,
1923 2826 2009 2892 15
2049 2820 2180 2907 al.;
2225 2860 2313 2871 --
2359 2820 2669 2889 *cessare
2713 2836 2873 2903 pro
2928 2816 3114 2887 desi-

550 2959 714 3008 nere
766 2934 1049 3021 (cesser)
1102 2939 1172 3009 in
1211 2936 1301 3008 Is.
1344 2938 1549 3009 XVII
1603 2939 1692 3009 ad
1733 2942 1849 3028 60,
1903 2946 1990 3013 19
2034 2962 2134 3029 sq.
2197 2938 2490 3028 ‘quando
2540 2936 2727 3005 coelo
2781 2939 3114 3022 terraque

548 3058 1063 3129 transeuntibus
1130 3060 1295 3130 solis
1364 3081 1443 3130 ac
1506 3060 1708 3131 lunae
1777 3060 2072 3131 cessabit
2123 3058 2466 3144 officium’,
2541 3057 2612 3124 in
2663 3054 2808 3127 Jer.
2863 3053 2967 3121 XI
3020 3054 3114 3123 ad

552 3183 671 3265 31,
716 3182 809 3251 35
862 3199 960 3267 sq.
1013 3179 1309 3267 ‘quando
1364 3180 1649 3251 dicitur:
1708 3181 1775 3251 in
1831 3181 2222 3251 nouissimis
2276 3177 2540 3264 diebus,
2598 3196 2761 3263 ergo
2815 3172 3112 3243 mundus

550 3322 699 3372 esse
752 3301 1067 3389 cessabit,
1138 3306 1208 3371 et
1260 3301 1397 3371 alia
1444 3300 1566 3371 fiet
1617 3321 1849 3370 rerum
1899 3300 2305 3390 dispositio’,
2369 3300 2440 3367 in
2491 3296 2721 3367 Ezech
2772 3294 2838 3365 Π
2892 3294 2979 3364 ad
3039 3296 3108 3380 7,

553 3425 649 3489 24
698 3424 877 3508 ‘post
926 3420 1571 3491 contaminationem
1620 3442 1772 3491 mea
1827 3442 1978 3492 esse
2015 3420 2415 3505 cessarunt’,
2469 3417 2539 3486 in
2577 3415 2744 3485 Luc.
2784 3414 2965 3484 hom.
3010 3417 3109 3484 37

554 3543 936 3629 ‘postquam
1003 3540 1121 3609 ille
1184 3540 1409 3627 coepit
1460 3561 1609 3610 esse
1677 3540 2014 3628 dominus,
2087 3540 2321 3628 plures
2375 3537 2631 3608 domini
2685 3555 2835 3605 esse
2887 3552 3114 3603 cessa-

548 3663 845 3749 uerunt',
918 3678 1021 3747 ep.
1086 3663 1253 3745 124,
1314 3662 1355 3729 6
1406 3660 1521 3747 al.,
1589 3666 1661 3731 et
1705 3662 1810 3730 sic
1868 3662 2159 3732 cessatio
2227 3661 2298 3729 in
2369 3655 2523 3729 Gal.
2596 3676 2701 3744 pr.
2763 3654 3112 3741 ‘antiquae

548 3782 722 3870 legis
776 3778 1066 3851 cessatio
1137 3785 1207 3849 et
1264 3799 1482 3850 nouae
1536 3780 2001 3869 introductio’,
2081 3782 2150 3849 in
2203 3778 2414 3849 Mich.
2475 3777 2540 3846 ΙΙ
2589 3776 2677 3847 ad
2733 3777 2798 3861 5,
2859 3776 2902 3843 7
2957 3793 3106 3860 sqq.

549 3902 666 3989 al.,
714 3899 900 3971 Salu.
966 3918 1157 3969 auar.
1210 3898 1266 3985 I,
1326 3901 1393 3968 8.

547 4042 963 4127 inchoatiua
1030 4044 1141 4137 (cf.
1211 4036 1265 4119 n
1345 4067 1413 4133 p.
1489 4050 1864 4136 252—55,
1937 4040 1983 4123 G
2033 4068 2096 4115 n.
2172 4046 2279 4136 3):
2351 4039 2818 4119 immitesccre
2843 4040 2926 4130 ¹),
2982 4036 3108 4140 lip-

548 4188 836 4271 pesoere
875 4163 1013 4260 (D),
1056 4158 1507 4262 ‹le-Sipisoere
1548 4158 1676 4257 (9),
1727 4168 2258 4237 surdescere
2297 4158 2423 4256 (9),
2478 4158 2900 4250 αέῑεςσενεῖ),
2957 4162 3107 4249 qui-

548 4298 677 4367 bus
727 4317 764 4364 e
818 4286 1425 4381 praepositionatis
1477 4286 1810 4357 accedunt
1860 4286 2181 4377 quinque.

731 4513 783 4581 l)
822 4526 905 4579 ep.
939 4512 1057 4576 100,
1088 4510 1153 4559 15
1194 4503 1414 4557 ‘rabiem
1454 4494 1916 4555 immitescentium
1954 4494 2220 4562 gurgitum
2255 4495 2442 4560 portus
2463 4532 2476 4545 .
2497 4531 2510 4545 .
2532 4489 2852 4559 prohibent’.
2925 4490 2981 4557 2)
3021 4504 3107 4556 ep.

551 4606 641 4670 77,
663 4604 695 4655 2
735 4597 1014 4669 ‘quidquid
1050 4596 1279 4665 primum
1315 4590 1607 4661 arripuero,
1642 4584 1976 4656 sequentium
2013 4581 2408 4651 comparatione
2445 4578 2692 4646 uilescit',
2731 4578 2785 4631 in
2823 4578 2892 4632 Is.
2919 4578 3106 4630 XVIII

549 4690 618 4744 ad
658 4692 745 4756 65,
790 4691 855 4739 12
892 4686 961 4739 al.
1000 4682 1231 4754 (Auien.,
1269 4683 1404 4749 Veg.
1442 4680 1556 4749 m.),
1595 4676 1805 4731 Paulin.
1842 4672 1983 4742 Nol„
2020 4677 2180 4741 postt.
