3409 5300
1786 437 1873 498 64

555 644 625 729 8,
686 647 768 712 2:
841 641 1262 714 sensibiliter
1311 643 1741 716 adhortando
1806 667 1923 716 ecs
1995 649 2113 738 qui
2183 650 2471 720 ueniunt
2536 652 2625 723 ad
2686 652 2945 743 fidem),
3040 701 3101 710 -

553 761 893 832 *nisibilis
940 763 1191 850 pass,
1249 769 1328 834 ut
1381 785 1487 852 ep.
1545 768 1662 854 98,
1730 769 1821 836 10
1874 766 2034 846 (act.
2086 765 2323 851 plin).
2730 751 2739 760 ’

725 882 876 952 Hoc
925 903 1142 971 genus
1192 882 1456 970 figurae
1523 905 1675 956 cum
1744 889 1994 957 mirum
2064 889 2135 958 in
2204 890 2479 960 modum
2556 893 2863 965 luxuriet
2927 897 3107 984 apud

550 1020 724 1071 recc.
775 999 1060 1090 (quippe
1105 1023 1395 1090 quorum
1439 1003 1580 1074 sint
1625 998 1700 1080 ³14
1745 1005 1937 1077 -bilis
1974 1005 2345 1095 finitorum,
2396 1011 2529 1080 nisi
2570 1031 2737 1082 uero
2776 1016 3105 1103 amplius:

550 1120 635 1190 cf.
690 1114 778 1195 3*
833 1120 1034 1208 epim.
1093 1117 1214 1208 II),
1287 1122 1358 1192 in
1421 1121 1827 1215 Hieronymi
1897 1145 2167 1215 quoque
2234 1129 2511 1216 scriptis
2576 1132 2891 1220 exempla
2960 1136 3108 1206 eius

549 1239 1105 1311 animaduertens
1157 1247 1432 1314 exstare
1479 1243 1745 1332 crebra,
1821 1250 1901 1314 ut
1946 1245 2195 1333 quibus
2244 1245 2495 1318 finibus
2546 1248 2655 1320 hic
2707 1271 2873 1322 usus
2926 1255 3107 1341 apud

551 1381 704 1430 eum
741 1360 1174 1431 contineatur
1224 1364 1538 1448 pernosci
1567 1365 1809 1452 possit,
1867 1366 2093 1436 omnia
2130 1386 2306 1454 quae
2340 1370 2792 1441 occurrebant
2826 1380 3109 1444 enotare

553 1479 844 1560 institui,
917 1486 1125 1568 atque
1193 1480 1440 1554 exinde
1490 1489 1772 1572 praeter
1824 1505 2035 1572 supra
2086 1489 2363 1574 regesta
2411 1487 2645 1560 inueni
2700 1493 2786 1560 91
2844 1491 2984 1562 alia
3036 1494 3103 1562 in

551 1599 744 1670 -bilis
795 1599 1117 1670 exeuntia
1169 1598 1194 1679 (
1204 1604 1284 1671 11
1349 1623 1405 1672 e.
1459 1600 1528 1672 S.
1571 1600 1640 1674 S.
1679 1610 1821 1675 uet.
1862 1603 2384 1696 suppellectile),
2441 1627 2729 1695 quorum
2764 1608 3103 1681 delectum

551 1719 890 1808 quendam
941 1718 1154 1792 habes
1207 1720 1783 1793 subterannexum
1806 1718 1895 1806 *).
1986 1725 2230 1813 Itaque
2274 1728 2781 1814 comparatione
2830 1731 3103 1818 quidem

551 1840 844 1910 aliorum
891 1840 1315 1929 quorundam
1371 1861 1543 1912 recc.
1601 1843 1773 1913 satis
1827 1843 2180 1914 moderate
2244 1863 2325 1914 ac
2378 1844 2605 1916 sobrie
2662 1846 2787 1917 hoc
2852 1869 3105 1937 genere

553 1958 806 2030 abusus
859 1981 1008 2032 esse
1058 1959 1338 2032 uidetur
1389 1959 1871 2051 Hieronymus.
1980 1963 2199 2034 Auxit
2248 1965 2554 2052 profecto
2608 1974 2679 2038 et
2729 1968 2877 2056 ipse
2928 1991 3101 2040 reec.

551 2081 806 2169 copiaS,
870 2097 1119 2170 graeca
1161 2081 1665 2170 interpretandi
1718 2083 2149 2171 potissimum
2214 2081 2621 2157 difficultate
2688 2088 3101 2176 compulsuS,

550 2202 768 2272 omnis
819 2207 1050 2273 tamen
1100 2200 1288 2272 illius
1341 2201 1806 2274 abundantiae
1843 2202 2113 2273 nonnisi
2149 2222 2205 2272 c.
2251 2205 2293 2271 7
2320 2197 2391 2279 ⁰l0
2434 2203 2773 2295 adhibuit,
2827 2208 3104 2278 uniuer-

728 2516 784 2585 *)
822 2515 878 2571 S.
919 2515 1002 2572 52:
1050 2514 1502 2585 acceptabilis
1539 2514 1662 2570 adu.
1698 2513 1881 2568 Jouin.
1919 2514 1990 2582 II,
2030 2517 2063 2567 6
2115 2511 2247 2567 ‘Deo
2284 2516 2667 2583 acceptabilem
2704 2519 3102 2574 continentiam’

547 2603 633 2674 aL,
671 2603 1098 2673 concupiscibilis
1135 2605 1192 2658 iu
1231 2603 1426 2659 Matth.
1464 2602 1517 2657 II
1553 2601 1623 2657 ad
1664 2606 1746 2672 13,
1787 2606 1854 2657 33
1892 2603 1978 2673 al.,
2030 2602 2511 2672 corruptibilis
2563 2606 2619 2659 in
2663 2607 2731 2661 Is.
2771 2609 2875 2661 VII
2912 2609 2980 2663 ad
3022 2613 3107 2679 19,

551 2698 614 2748 12
651 2709 768 2761 sqq.
806 2694 1014 2764 (homo)
1051 2694 1140 2763 al.,
1183 2692 1711 2761 inaccessibilis,
1749 2698 1809 2745 ut
1847 2692 1902 2745 in
1938 2692 2035 2745 Ez.
2073 2693 2099 2746 I
2135 2693 2203 2746 ad
2242 2697 2294 2761 3,
2338 2698 2420 2761 12,
2459 2693 3012 2764 incorruptibilis
3048 2700 3102 2756 in

543 2784 613 2837 Is.
649 2783 728 2837 XI
764 2784 834 2839 ad
871 2786 958 2853 40,
996 2785 1029 2836 6
1057 2798 1174 2851 sqq.
1213 2780 1614 2849 incorruptibile
1652 2795 1844 2848 corpus
1881 2779 2149 2847 accipiens
2186 2780 2275 2847 aL,
2316 2780 2813 2847 in-inuestigabilis
2850 2785 2886 2839 3
2925 2786 3100 2854 (Rom.

549 2876 632 2941 11,
673 2876 740 2925 33
779 2888 865 2939 ap.
901 2870 1047 2925 Tert.
1084 2878 1138 2924 et
1172 2868 1318 2923 Hier.
1355 2884 1439 2937 ep.
1478 2874 1564 2937 21,
1605 2870 1698 2939 39)
1736 2874 1791 2923 et
1826 2867 2247 2937 in-uestigabilis,
2282 2874 2345 2921 ut
2378 2868 2434 2922 in
2470 2870 2638 2923 Abac.
2676 2871 2702 2923 I
2737 2871 2806 2925 ad
2848 2876 2893 2940 1,
2928 2877 2952 2925 1
2996 2874 3101 2926 ‘ne—

543 2962 768 3017 scientes
806 2959 1001 3015 iudicia
1037 2959 1139 3013 Dei
1174 2955 1600 3025 inuestigabilia',
1637 2956 2089 3026 reprehensibilis,
2138 2949 2199 3010 ut
2234 2972 2317 3025 ep.
2360 2961 2479 3027 112,
2519 2961 2585 3027 83
2625 2988 2693 2998 —-
2723 2960 2849 3028 pA:
2903 2960 3101 3015 incom-

541 3049 933 3119 prehensibilis,
970 3053 1034 3102 ut
1069 3048 1124 3101 in
1160 3048 1229 3100 Is.
1267 3046 1399 3099 XIII
1437 3046 1504 3101 ad
1543 3050 1630 3115 46,
1667 3050 1699 3100 3
1739 3062 1856 3116 sqq.
1895 3046 2021 3115 (-ter
2059 3059 2089 3103 c
2125 3064 2180 3115 p.
2222 3047 2341 3116 11),
2390 3046 2718 3102 ineuitabilis
2755 3050 2809 3101 in
2849 3048 3009 3103 Mttb.
3046 3052 3099 3103 II

541 3140 612 3195 ad
653 3143 735 3208 12,
763 3142 829 3191 33
871 3123 1180 3205 ιδι’φυκτῑον
1214 3148 1311 3189 nos
1349 3134 1708 3190 ineuitabilem
1733 3150 2013 3204 possumus
2038 3135 2347 3204 appellare',
2378 3134 2740 3205 infatigabiliS,
2780 3141 2840 3189 ut
2870 3152 2953 3205 ep.
2983 3140 3099 3207 108,

543 3231 631 3296 26,
671 3224 1046 3293 innauigabilis
1093 3224 1264 3294 (Liu.)
1312 3224 1367 3277 in
1410 3225 1508 3279 Ez.
1547 3226 1624 3279 IX
1671 3224 1741 3279 ad
1792 3230 1879 3295 30,
1926 3232 1951 3279 1
1992 3242 2109 3294 sqq.
2160 3224 2269 3278 ‘ubi
2306 3224 2459 3279 Nilus
2506 3225 2885 3293 innauigabilis
2932 3232 3013 3280 est
3048 3233 3103 3280 et

543 3320 929 3371 cataractarum
965 3311 1181 3382 fragor’,
1228 3313 1524 3368 insolubilis
1569 3330 1652 3383 ep.
1693 3320 1815 3385 120,
1860 3318 1927 3368 10
1974 3314 2280 3384 (quaestio),
2330 3310 2688 3380 intellegibilis
2726 3312 2899 3383 (sen.)
2938 3313 2992 3367 in
3030 3315 3098 3368 Is.

543 3406 622 3458 III
672 3404 741 3458 ad
780 3407 832 3473 7,
878 3406 943 3456 10
979 3418 1058 3470 sq.
1097 3384 1414 3473 ‘at'ffifflfwf
1449 3408 1504 3458 et
1538 3395 1759 3473 νοητά,
1800 3418 1938 3472 quae
1976 3418 2073 3457 nos
2111 3416 2389 3470 possumus
2425 3401 2695 3458 sensibilia
2732 3402 2908 3456 dicere
2944 3408 2998 3455 et
3024 3402 3099 3455 in-

542 3490 868 3559 tellegibilia'
907 3492 975 3545 al.
1024 3490 1090 3560 (D
1127 3508 1181 3559 p.
1219 3492 1368 3561 287),
1416 3491 1819 3547 irremediabilis
1866 3491 1921 3545 in
1970 3492 2038 3545 Is.
2076 3492 2101 3543 I
2150 3491 2218 3545 ad
2271 3495 2317 3559 1,
2356 3492 2389 3543 6
2438 3490 2533 3557 al.,
2583 3490 2949 3558 persuasibilis
2995 3496 3098 3545 act.

543 3581 748 3650 (Quint.
787 3580 947 3648 intpr.
985 3568 1296 3649 πιθανός)
1335 3581 1390 3635 in
1429 3582 1546 3635 eal.
1583 3582 1664 3635 111
1700 3597 1782 3650 pr.
1820 3580 1922 3650 at,
1954 3610 2021 3619 -—
2051 3594 2151 3649 με
2191 3578 2541 3633 conducibilis
2578 3579 2632 3633 in
2670 3578 2810 3647 Eph.
2849 3580 2903 3632 11
2940 3579 3007 3634 ad
3045 3584 3097 3645 4,

543 3674 614 3725 20
649 3686 748 3738 sq„
787 3668 1122 3724 indomabilis
1162 3670 1385 3739 (Plaut.)
1423 3670 1477 3724 in
1514 3670 1625 3725 Jer.
1653 3671 1732 3724 IV
1767 3670 1835 3725 ad
1874 3673 1960 3738 23,
1992 3672 2060 3722 29
2097 3682 2213 3736 sqq.
2254 3666 2435 3722 ‘corda
2471 3667 2606 3721 dura
2642 3672 2696 3722 et
2730 3668 2902 3722 instar
2938 3669 3101 3722 silicis

543 3756 900 3812 indomabilia?
940 3756 1009 3812 al.
1048 3757 1159 3827 (3);
1199 3786 1266 3797 -
1307 3776 1348 3829 p
1387 3760 1498 3828 (uel
1535 3777 1572 3830 p
1608 3766 1662 3814 et
1701 3759 1837 3813 Plin.
1876 3759 1962 3811 uel
2000 3757 2145 3826 Seu.)
2192 3756 2587 3812 inconsolabilis
2637 3759 2690 3811 in
2741 3758 2889 3811 Eccl.
2928 3761 2963 3811 4
3000 3760 3099 3813 col.

542 3846 838 3901 418·dolor
875 3847 1123 3916 (Ambr.),
1162 3847 1462 3902 indelebilis
1499 3847 1554 3901 in
1591 3846 1702 3901 Jer.
1740 3847 1822 3900 III
1859 3846 1927 3901 ad
1969 3851 2050 3915 17,
2094 3852 2116 3900 1
2158 3852 2438 3915 peccatum
2476 3845 2578 3917 (2),
2627 3846 3009 3901 inextricabilis
3047 3848 3099 3900 in

540 3937 610 3990 Is,
629 3936 711 3988 III
733 3936 800 3989 ad
814 3940 866 4004 7,
888 3940 952 3990 21
976 3951 1112 4005 sqq„
1135 3936 1561 3990 intractabilisin
1583 3937 1651 3989 Is.
1672 3936 1777 3988 VII
1797 3935 1867 3990 ad
1889 3939 1976 4004 21,
1999 3940 2058 3988 11
2084 3950 2162 4003 sq.
2174 3934 2259 4004 aL,
2282 3935 2627 3989 numerabilis
2648 3951 2729 4004 ep.
2756 3940 2875 4003 122,
2890 3940 2922 3988 3
2945 3936 3100 4004 (Arn.

541 4026 640 4093 III,
665 4026 742 4093 5),
763 4025 842 4079 Cl.
867 4025 1030 4079 Mam.
1047 4040 1159 4094 an.;
1181 4055 1245 4064 —
1269 4041 1329 4078 u:
1354 4024 1682 4079 honorabilis
1702 4022 1836 4092 (Cic.
1848 4024 1915 4092 S.)
1938 4024 1993 4077 in
2012 4024 2199 4077 Is.XII
2216 4023 2284 4077 ad
2305 4029 2390 4094 43,
2418 4031 2441 4078 1
2466 4040 2582 4092 sqq.
2602 4024 2693 4092 aL,
2708 4023 2883 4093 Vulg.,
2906 4025 3099 4094 Amm.,

541 4115 698 4183 Aug„
724 4112 1169 4182 inexstinguibilis
1191 4114 1374 4182 (Varr.
1399 4112 1491 4180 fr.)
1512 4112 1568 4165 in
1586 4113 1654 4165 Is.
1675 4112 1753 4164 IX
1774 4112 1843 4167 ad
1864 4115 1952 4180 30,
1978 4116 2047 4166 25
2069 4112 2145 4182 (S.
2164 4110 2216 4167 S.
2236 4120 2362 4183 uet.,
2385 4114 2531 4167 Tert.
2552 4114 2675 4167 adu.
2696 4112 2854 4166 Prax.
2878 4117 2927 4181 1,
2948 4112 3099 4179 Arn.,

541 4204 711 4271 Lact.,
740 4203 847 4257 Hil.
877 4203 931 4256 in
954 4216 1034 4271 ps.
1068 4206 1188 4271 119,
1219 4202 1296 4272 5),
1325 4201 1602 4269 placabilis
1632 4216 1771 4269 pass.
1803 4201 1857 4254 in
1887 4202 1954 4255 Is.
1983 4201 2089 4254 XII
2126 4202 2193 4256 ad
2230 4206 2319 4270 42,
2360 4207 2383 4254 1
2425 4215 2541 4269 sqq.
2578 4202 2668 4269 al.,
2698 4206 2803 4255 act.
2834 4200 3003 4269 (Ten,
3032 4232 3099 4240 —-

540 4292 718 4361 Lact.)
757 4292 809 4345 in
847 4293 915 4346 Is,
953 4292 1110 4345 XVII
1147 4290 1215 4345 ad
1253 4294 1342 4359 60,
1383 4296 1415 4345 6
1453 4306 1533 4359 sq.
1571 4290 1779 4344 hostiae
1816 4292 1905 4359 al.,
1951 4290 2251 4359 plausibilis
2298 4306 2381 4358 ep.
2424 4293 2541 4358 118,
2584 4296 2609 4343 1
2659 4289 2961 4358 plausibilis
2996 4290 3102 4344 elo·

540 4382 653 4449 quii
700 4386 1056 4450 uenustatem,
1106 4380 1162 4433 in
1207 4381 1369 4436 Zach.
1408 4382 1461 4434 II
1507 4379 1574 4434 ad
1625 4384 1657 4434 7
1712 4396 1794 4434 ex.
1870 4380 1965 4434 His
2011 4380 2275 4447 iungimus
2322 4395 2353 4433 e
2398 4379 2557 4432 Breu.
2595 4377 2833 4431 nouicia:
2881 4377 3101 4431 inuiola-

538 4470 743 4525 biliter
790 4472 844 4523 in
881 4486 962 4539 ps.
1004 4474 1071 4523 14
1118 4470 1227 4537 ‘qui
1265 4476 1550 4539 praecepta
1587 4468 1688 4523 Dei
1727 4468 1760 4523 i.
1799 4468 2152 4538 custodierit‘,
2202 4469 2357 4536 Aug„
2404 4467 2608 4533 Boeth.,
2658 4466 2873 4521 odibilis
2910 4466 2985 4536 (S.
3026 4466 3098 4535 S.,

537 4560 698 4614 etiam
737 4560 922 4629 Vulg.)
967 4558 1024 4613 in
1072 4575 1152 4630 ps.
1202 4564 1292 4615 13:
1352 4558 1751 4615 ‘abominabiles
1796 4558 1927 4613 facti
1974 4556 2135 4624 sunt’,
2184 4556 2239 4611 id
2286 4562 2370 4609 est
2415 4554 2667 4624 odibileS,
2720 4553 3099 4611 reformabilis:

544 4646 604 4714 D,
649 4655 926 4717 praeterea
964 4664 1072 4703 non
1107 4648 1535 4704 animaduersum
1570 4664 1656 4715 ap.
1696 4646 1842 4701 Hier.
1880 4644 2199 4701 dissolubilis
2236 4644 2369 4715 (Cic.
2406 4660 2469 4714 S.,
2506 4644 2669 4713 rece.)
2708 4643 2761 4697 in
2799 4659 2878 4712 ps·
2916 4645 3002 4697 38.
