3409 5300
361 1471 798 1602 Hieronymi
855 1511 1114 1600 scripta
1165 1517 1552 1598 temporum
1605 1509 1755 1580 eius
1805 1507 2104 1598 linguae,
2176 1511 2369 1580 cuius
2434 1511 2496 1582 is
2556 1517 2797 1582 auctor
2824 1509 2925 1584 ¹ac

360 1637 561 1708 testis
615 1641 721 1707 est
772 1634 1380 1722 locupletissimuS,
1451 1633 1901 1721 proprietatis
1968 1634 2187 1704 omnis
2242 1637 2631 1708 accuratius
2684 1637 2925 1726 digno—

363 1755 652 1826 scendae
719 1775 928 1825 causa
993 1753 1230 1824 sedulo
1295 1749 1731 1840 perlegentes
1748 1807 1764 1838 ‚
1850 1773 2003 1822 cum
2070 1753 2159 1824 ad
2222 1755 2592 1825 uerborum
2656 1775 2925 1846 compo-

364 1875 680 1946 sitionem
731 1873 982 1944 intenti
1036 1880 1184 1943 tum
1240 1871 1328 1942 ad
1402 1873 1554 1960 ipsa
1607 1891 1885 1960 quoque
1932 1873 2171 1960 uerba,
2254 1893 2534 1961 operam
2588 1875 2923 1966 dedimuS‚

361 2003 442 2065 ut
491 2015 726 2067 omnes
781 1999 1214 2065 enotaremus
1269 1991 1618 2062 adhibitas
1671 1990 1759 2061 ab
1798 1991 2219 2080 Hieronymo
2259 2011 2462 2064 uoces
2499 1991 2927 2070 deriuatiuas

361 2115 788 2187 n·ouicias‚
860 2113 1185 2184 Nouicias
1221 2117 1454 2182 autem
1503 2110 1793 2181 dicimus
1826 2111 1961 2200 uel,
2018 2117 2099 2182 ut
2150 2114 2649 2204 consumimus,
2704 2136 2924 2188 recc.

364 2235 562 2324 quasi
615 2235 794 2326 siglo
845 2234 1286 2322 designamus
1339 2253 1478 2320 eaS‚
1554 2251 1999 2320 quaecunque
2064 2231 2135 2300 in
2206 2231 2431 2304 literis
2482 2234 2719 2306 latinis
2770 2243 2931 2324 post

362 2353 705 2428 Hadriani
751 2351 1047 2426 'demum
1113 2359 1428 2441 tempora
1487 2351 1684 2422 nobis
1759 2351 2035 2440 quidem
2102 2353 2557 2443 innotescunt,
2636 2356 2799 2426 licet
2856 2357 2928 2426 in

365 2474 878 2546 consuetudine·
910 2473 1268 2562 aliquanta
1315 2491 1480 2560 pars
1549 2491 1788 2542 earum
1840 2471 2053 2542 fuerit
2104 2473 2241 2543 iam
2290 2479 2514 2545 antea.
2625 2473 2928 2566 Conqui-

365 2595 534 2667 sitas
585 2613 710 2684 per
759 2613 1014 2681 genera
1065 2590 1370 2679 digestas
1429 2591 1502 2660 in
1553 2590 2009 2663 laterculo
2028 2613 2061 2663 s
2112 2591 2524 2683 redegimus.

534 2716 617 2786 In
687 2714 800 2785 his
878 2712 1230 2785 laterculis
1302 2730 1548 2782 uocum
1624 2710 2051 2802 distinguere
2124 2712 2623 2801 quodammodo
2702 2717 2929 2787 cona-ti

364 2841 680 2925 tempora
727 2836 898 2925 ipsis
949 2833 1312 2905 literarum
1365 2829 1625 2919 formiS‚
1695 2852 1814 2901 eas
1863 2852 2090 2921 uoces,
2168 2852 2344 2921 quae
2395 2841 2607 2906 ante
2657 2834 2928 2907 finem
3044 2845 3047 2847 ’

365 2955 631 3025 tertii
701 2975 770 3044 p.
827 2952 905 3024 C.
961 2950 1256 3023 seculi
1323 2952 1419 3040 (h.
1477 2972 1536 3021 e.
1591 2950 1861 3022 iudea
1927 2949 2184 3042 Gellio,
2256 2952 2733 3045 AppuleiO..‚
2806 2956 2928 3028 sed

369 3077 530 3143 ante
583 3064 986 3161 Arminium,
1043 3058 1510 3158 Lactantium‚
1583 3072 1958 3159 scriptores
2020 3072 2353 3145 historiae
2404 3074 2792 3165 Augustae)
2857 3078 2930 3147 in

365 3191 592 3262 literis
643 3198 1129 3281 agnoscuntur,
1203 3190 1424 3283 forma
1483 3190 1847 3261 literarum
1898 3214 1946 3261 n
1964 3212 2065 3263 on
2118 3199 2395 3265 mutat
2411 3216 2454 3265 a
2506 3196 2926 3285 scripsimuS,

366 3310 614 3382 harum
677 3317 908 3381 tamen
981 3330 1131 3399 668,
1213 3330 1384 3398 quas
1447 3309 1632 3397 apud
1697 3310 2367 3383 Tertullianum
2386 3366 2405 3400 ,
2486 3316 2930 3387 ecclesiastici

367 3431 624 3520 eloquii
661 3432 860 3521 quasi
899 3428 1437 3519 informatorem,
1479 3438 1755 3503 exstare
1793 3432 2195 3521 sciebamus,
2238 3433 2465 3505 literis
2498 3434 2708 3505 didu
2726 3456 2763 3507 c
2783 3436 2853 3507 ti
2872 3458 2925 3507 s.

368 3550 588 3623 Porro
655 3572 807 3641 eae,
882 3572 1058 3641 quae
1124 3549 1284 3621 inde
1351 3549 1456 3620 ab
1524 3557 1895 3621 exeunte
1963 3553 2261 3623 seculo
2331 3554 2468 3624 III
2534 3563 2933 3642 comparent

371 3672 556 3759 apud
603 3672 996 3761 scriptores,
1052 3668 1352 3761 obliquis
1402 3670 1765 3742 literarum
1815 3670 2055 3742 formis
2104 3692 2469 3762 expressae
2522 3681 2705 3763 sunt,
2760 3696 2931 3765 quas

369 3791 554 3861 inter
601 3791 1020 3862 diductis
1091 3790 1496 3881 conspicuae
1563 3797 1725 3863 sunt
1791 3811 1933 3880 eae,
2008 3812 2297 3880 quarum
2346 3793 2933 3886 Hieronymus

369 3910 520 3999 ipse
571 3918 812 3982 auctor
861 3910 1059 3983 nobis
1114 3917 1222 3982 est
1275 3915 1457 3984 inter
1511 3930 1799 3983 coaeuos
1851 3930 1898 3999 p
1918 3910 2142 3981 rimu
2165 3932 2197 3981 s
2217 3966 2233 3999 ‚
2290 3920 2368 3983 ut
2422 3914 2692 4004 ceteris,
2749 3914 2935 4005 apud

371 4050 541 4117 quos
612 4030 1058 4101 inueniuntur
1125 4032 1402 4123 (utputa
1469 4031 1653 4120 apud
1719 4028 2076 4120 Rufinum,
2154 4030 2647 4125 Augustinum)
2666 4090 2683 4125 ‚
2764 4042 2933 4107 natu

371 4140 558 4221 certe
624 4150 878 4239 maior,
945 4172 1118 4240 quas
1184 4172 1386 4222 uoces
1456 4150 1923 4240 peculiaribus
1974 4150 2379 4243 Hieronymi
2444 4176 2934 4228 connumerare

370 4269 649 4341 interim
695 4271 924 4341 liceat.
1031 4271 1346 4361 Denique
1399 4292 1516 4343 eas
1567 4290 1801 4359 uoceS‚
1873 4290 2164 4359 quarum
2218 4272 2683 4365 Hieronymus
2733 4276 2933 4347 nobis

373 4395 614 4460 auctor
693 4395 798 4460 est
871 4390 1019 4461 siue
1101 4390 1374 4461 omnino
1455 4391 1601 4461 siue
1689 4391 1873 4461 inter
1943 4397 2549 4482 contemporaneos
2633 4394 2929 4484 quidem,

371 4514 704 4597 quantum
779 4508 1004 4581 adhuc
1087 4509 1158 4579 in
1237 4516 1584 4603 comperto
1659 4518 1804 4600 est,
1903 4536 1936 4585 s
1950 4513 2088 4585 olu
2106 4535 2170 4602 S,
2256 4514 2616 4595 literarum
2694 4514 2934 4585 formis

372 4626 815 4701 distinximus
919 4631 1128 4721 paulo
1231 4624 1743 4729 pinguioribus,
1882 4632 2206 4707 Seorsum
2310 4634 2673 4705 adiunctae
2774 4639 2936 4706 sunt

2618 4765 2649 4817 1
