3409 5300
1521 401 1604 462 29

465 615 572 685 De
624 613 972 684 nominum
1027 611 1409 684 uerbaiium
1461 611 1530 681 in
1573 591 1797 714 -sela
1834 593 2229 682 eseuntium
2268 623 2519 700 genere
2553 605 2627 699 (³
2669 601 2735 680 nj
2762 607 2839 691 6)

289 754 410 804 nec
462 735 732 806 nouicia
783 731 1168 805 inuenimus
1209 719 1374 821 ulla,
1411 737 1502 802 ‘et
1536 735 1775 802 notatu
1812 731 2130 820 digniora
2162 733 2431 802 tantuin
2452 718 2839 820 *praesse-

289 854 496 942 quela
543 855 614 924 in
667 853 802 923 Tit.
863 853 929 941 2,
991 855 1033 922 3
1090 870 1236 941 sqq.
1296 853 1396 923 ‘ut
1439 837 1550 920 illi
1595 846 1933 935 (mulieri)
1986 831 2367 940 praemium
2419 851 2841 940 relinqueret

287 973 720 1062 obsequelae’
767 969 1018 1052 (Hilar.
1075 971 1262 1042 Trin.
1320 970 1442 1058 XI,
1503 969 1650 1058 30),
1701 974 1777 1041 et
1824 972 2049 1042 sutela
2098 971 2171 1040 in
2222 969 2475 1041 Ezech.
2522 971 2716 1042 hom.
2768 972 2836 1056 3,

292 1097 336 1163 4
393 1093 582 1181 ‘quia
633 1093 780 1180 ipse
831 1090 1217 1179 disrumpat
1267 1089 1476 1162 talem
1531 1091 1826 1161 sutelam
1882 1097 1952 1162 et
2002 1089 2175 1160 talia
2222 1089 2633 1162 ceruicalia’.

288 1341 491 1412 t-or
566 1331 677 1406 uel
737 1353 886 1404 s-or
950 1339 1020 1404 et
1072 1327 1285 1416 -rix
1311 1355 1326 1403 τ
1401 1333 1682 1438 abactor
1692 1333 1789 1422 ¹),
1848 1326 2259 1432 apostatrix
2274 1329 2353 1421 2),
2434 1325 2843 1422 apparatur

289 1456 464 1545 (-tor
487 1449 732 1542 Tert.)<,
773 1449 1212 1562 affetitofl),
1252 1454 1602 1531 ascenso?
1610 1449 1664 1542 ⁴)
1701 1455 2090 1556 assumptor
2122 1446 2249 1546 (2),
2288 1453 2727 1528 attrectator
2734 1447 2839 1542 ια)’,

291 1568 696 1670 attributor,
750 1591 847 1643 au
860 1571 898 1644 e
911 1593 948 1643 r
960 1594 1045 1644 sa
1056 1580 1089 1645 t
1101 1572 1319 1664 rix'⁵),
1373 1570 1424 1612 ¹⁰
1439 1562 1855 1664 auguratrix
1870 1571 1945 1662 6·),
2014 1585 2271 1660 caesor,
2338 1565 2841 1660 calumniati-ik,

293 1689 926 1782 cohabitator-³)
1010 1699 1080 1764 et
1151 1694 1492 1783 -trioe⁸),
1573 1692 2101 1781 comessor-⁹)
2126 1695 2177 1782 ·’,’
2222 1713 2841 1765 commemora-

291 1821 322 1885 t
335 1833 372 1890 r
389 1811 593 1903 11¹⁰),
639 1817 1164 1913 compactatur,
1187 1809 1624 1916 compilator,
1663 1811 2160 1902 confabulator,
2196 1809 2253 1850 ²⁰
2268 1833 2303 1882 c
2318 1833 2355 1881 o
2369 1834 2419 1882 n
2428 1808 2511 1900 fl
2528 1809 2837 1902 ator11),

294 1929 804 2023 confutatum),
833 1954 975 2004 con
987 1956 1020 2005 s
1032 1955 1163 2005 ecr
1181 1940 1313 2006 ato
1326 1957 1382 2024 r,
1421 1930 1985 2025 contradictorffi),
2020 1933 2375 2022 debitrix,
2414 1927 2842 2029 defensator,

293 2051 834 2140 demonstratrix
856 2053 982 2146 ¹³⁰),
1039 2055 1519 2146 desolator,
1544 2049 1682 2164 (D),
1730 2049 2375 2148 destructor¹⁴),
2429 2050 2839 2145 dictorff),

291 2311 476 2368 pauor,
517 2295 952 2367 ⁸⁰pigror'Lucil.
991 2285 1241 2367 (pigre-re·
1259 2295 1366 2366 pr),
1403 2295 1592 2364 pudor,
1633 2299 1793 2364 putor
1818 2309 1901 2364 pr,
1938 2308 2097 2365 rece„
2136 2297 2325 2363 putror
2360 2289 2565 2350 Lucrss?
2604 2297 2845 2365 (putrere

292 2383 506 2455 Pacuu.,
554 2386 704 2454 Acc.,
755 2383 902 2440 Hier.
940 2385 996 2440 in
1033 2383 1231 2440 Ezech.
1267 2383 1410 2439 hom.
1451 2387 1537 2452 11,
1579 2384 1652 2452 1),
1694 2381 1857 2454 rigor,
1876 2406 1882 2414 ·
1904 2383 2085 2453 rubor,
2132 2382 2403 2454 splendor,
2450 2385 2685 2454 squalor,
2724 2385 2845 2439 stri·

291 2474 404 2545 dor,
441 2479 644 2546 stupor,
687 2473 735 2505 ⁴⁰
745 2474 928 2548 tardor
953 2471 1108 2528 Varr.
1137 2473 1381 2544 (tardus),
1417 2479 1588 2541 tenor,
1627 2479 1798 2544 tepor,
1838 2478 2025 2540 terror,
2054 2471 2234 2541 timor,
2264 2477 2465 2541 torpor,
2495 2473 2665 2542 uigor,
2692 2489 2843 2544 uuor,

293 2563 466 2633 Varr„
505 2595 572 2602 —-
612 2557 696 2633 57,
737 2560 1228 2633 omnium‘551s20l0
1279 2561 1385 2630 (sin
1429 2561 1755 2616 subtraxeris
1804 2559 2093 2630 repetenda
2128 2575 2162 2616 a
2196 2559 2373 2615 uerbis
2412 2561 2843 2631 denominatiuis,

292 2658 467 2707 tamen
499 2648 610 2723 ²l2),
639 2649 934 2707 uerbalium
961 2651 1116 2725 Ο,68;
1147 2682 1212 2691 --
1253 2667 1286 2705 a
1313 2651 1459 2706 uerb.
1497 2653 1748 2706 tertiae
1786 2649 1949 2706 coni:
1987 2666 2172 2721 angor,
2210 2664 2392 2721 canor,
2432 2649 2670 2721 clangor,
2707 2647 2847 2707 fluor

293 2740 447 2811 cels„
497 2740 682 2809 Scrib„
731 2758 890 2811 recc.,
927 2740 1124 2811 fragor,
1171 2740 1367 2795 fremor
1403 2737 1581 2810 Verg.,
1626 2740 1781 2807 Stat„-
1808 2738 1983 2811 ‘furor,
2036 2740 2211 2811 labor,
2258 2739 2485 2811 paedor,
2540 2742 2835 2812 ¹⁰piangor,

291 2832 448 2899 pluor
482 2830 691 2901 Laben,
725 2846 900 2901 sapor,
936 2844 1098 2884 sonor
1131 2830 1384 2901 (sonere),
1423 2830 1656 2897 stringor
1689 2828 1868 2898 Lucr„
1903 2834 2118 2901 tremor,
2148 2862 2215 2870 —-
2258 2832 2341 2899 18,
2375 2830 2430 2885 h.
2467 2846 2513 2887 e.
2548 2831 2845 2887 uerbalium

293 2934 345 2988 p.
381 2916 454 2987 pl.
498 2918 590 2990 ¹l⁵;
631 2950 698 2957 —
737 2934 770 2973 a
806 2918 990 2989 prim.
1029 2920 1191 2973 coni.:
1229 2934 1392 2989 amor,
1431 2920 1649 2984 clamor,
1700 2934 1900 2973 curuor
1932 2920 2108 2990 Varr„
2147 2933 2313 2990 error,
2351 2921 2531 2991 sudor,
2569 2952 2635 2960 —
2676 2924 2737 2991 '73
2777 2952 2844 2961 -—

293 3008 522 3076 denique
569 3022 792 3076 quorum
835 3023 976 3077 quae
1021 3022 1118 3077 pro
1165 3007 1450 3077 primitiuis
1495 2996 1682 3062 cedere
1712 3005 1933 3076 'possint
1988 3024 2097 3063 non
2149 3014 2364 3063 exstant
2416 3008 2522 3063 nisi
2567 3005 2847 3078 quartae

293 3094 435 3149 coni.
473 3095 660 3150 uerba:
699 3112 874 3169 sopor,
913 3112 1080 3165 uagor
1114 3094 1275 3165 Enn.,
1326 3096 1484 3151 Lucr.
1555 3095 1842 3150 Praeterea
1878 3094 2150 3151 denom.:
2197 3110 2411 3151 amaror
2448 3094 2629 3166 Lacr„
2668 3096 2846 3167 Vox-g„

294 3184 478 3239 caldor
514 3185 687 3255 Varr„
724 3200 882 3257 rece„
918 3186 1104 3241 laeuor
1139 3184 1315 3255 Lucr.‚
1353 3182 1508 3255 Cels„
1543 3184 1702 3254 Plin„
1746 3184 1990 3255 lymphor
2024 3184 2217 3254 Lucil„
2253 3190 2409 3239 tonor
2444 3182 2645 3255 Quint„
2686 3216 2752 3224 --
2790 3189 2845 3253 9,

295 3288 430 3341 quae
465 3279 644 3329 tamen
679 3274 901 3330 forsitan
939 3274 1116 3329 omnia
1160 3275 1268 3329 sint
1309 3290 1415 3329 non
1460 3280 1568 3329 tam
1605 3274 1818 3342 linguae
1854 3273 2053 3329 latinae
2086 3273 2355 3342 genimina
2390 3288 2549 3342 quam
2584 3272 2849 3329 licentiae.

294 3362 521 3431 Reliqua
553 3370 694 3433 sunt,
744 3374 882 3432 quae
919 3363 1059 3418 unde
1105 3362 1338 3419 deriuari
1371 3364 1594 3432 possint,
1643 3376 1789 3417 nunc
1838 3362 1943 3418 iam
1988 3369 2219 3432 nequeat
2266 3362 2633 3431 demonstrari,
2683 3362 2847 3433 color,

293 3464 515 3521 cremor,
555 3465 730 3520 cruor,
767 3452 954 3522 honor,
995 3452 1160 3522 lepor,
1199 3450 1346 3529 luror
1381 3452 1560 3521 Lucr.,
1599 3466 1756 3521 recc.,
1797 3448 1970 3522 nidor,
2009 3449 2155 3522 odor,
2175 3439 2392 3521 rumor,
2436 3450 2481 3483 ¹⁰
2493 3466 2676 3521 uapor.

474 3541 526 3610 1)
573 3556 656 3609 ep.
694 3544 781 3610 ⁷8,
821 3556 989 3595 mans.
1027 3545 1097 3595 24
1131 3541 1400 3597 abactoris
1435 3542 1523 3595 uel
1560 3540 1863 3611 depulsoris
1908 3541 2126 3597 sortitus
2172 3556 2364 3597 nomen
2401 3542 2565 3613 (App.
2604 3540 2684 3595 M.
2722 3540 2844 3609 VII,

294 3631 379 3700 26,
423 3626 574 3684 Paul.
611 3622 761 3700 s'ent„
808 3630 974 3685 Firm.
1015 3632 1102 3701 m.,
1149 3628 1314 3685 Firm.
1351 3630 1495 3703 ern),
1527 3627 1655 3687 alii.
1730 3632 1789 3699 2)
1836 3630 1997 3701 Vulg.
2020 3632 2233 3687 Ezech,
2272 3634 2324 3702 2,
2364 3636 2395 3686 3
2434 3636 2487 3686 et
2521 3627 2667 3685 Hier.
2705 3628 2773 3684 ad
2809 3629 2847 3685 l.

293 3718 642 3786 apostatrices
689 3722 888 3785 gentes,
962 3720 1024 3789 3)
1067 3718 1124 3774 in
1167 3722 1236 3776 Is.
1275 3722 1324 3776 V
1361 3721 1430 3777 ad
1471 3725 1534 3777 13
1571 3735 1612 3777 s.
1649 3722 1705 3794 fi,
1744 3722 1902 3790 Vulg.
1975 3723 2032 3791 4)
2079 3720 2135 3775 in
2170 3720 2331 3777 Zach.
2369 3720 2423 3774 11
2460 3719 2528 3775 ad
2554 3724 2655 3790 ⁴10,
2694 3712 2730 3772 6
2766 3734 2846 3789 sq.

293 3822 599 3861 ascensores
647 3821 923 3877 equorum,
984 3808 1038 3861 in
1081 3810 1258 3864 Naum
1303 3814 1354 3875 2⁴,
1409 3815 1440 3865 3
1487 3826 1603 3879 sqq.
1654 3810 1972 3881 (curruum),
2023 3811 2147 3865 adu.
2192 3810 2371 3865 Rufin.
2409 3810 2453 3879 1·,
2493 3810 2561 3863 32
2598 3821 2639 3863 s'.
2678 3806 2717 3861 f.
2756 3808 2845 3879 al.,

294 3892 452 3963 Vulg.
526 3896 621 3965 4a)
668 3910 808 3951 nom.
847 3894 994 3951 hebr.
1033 3898 1134 3953 col.
1176 3898 1239 3952 21
1281 3898 1462 3953 ‘musiz
1513 3905 1828 3955 attrectator
1863 3899 1977 3954 siue
2014 3898 2259 3967 palpator
2294 3896 2461 3953 meus’
2504 3896 2653 3967 (hinc
2688 3896 2847 3966 glosS.

295 3982 462 4039 Paris.
501 4000 586 4054 ap.
622 3984 913 4053 Quicherat
949 3986 1092 4042 Adti.
1125 3986 1299 4057 Lex.).
1374 3988 1429 4056 5)
1467 3987 1521 4041 in
1550 3986 1661 4043 Jer.
1689 3988 1717 4041 I
1754 3989 1823 4043 ad
1863 3992 1913 4055 3,
1955 3991 1987 4042 6
2026 3994 2081 4043 et
2113 3980 2271 4055 Vulg.
2310 3988 2346 4041 1⁶.
2375 3986 2412 4041 l.
2484 3988 2542 4055 6)
2580 3992 2687 4039 -tor
2710 3984 2765 4039 S.
2792 3984 2846 4040 S.

293 4074 400 4126 uet.
435 4072 616 4143 Deut.,
655 4074 840 4129 Ambr.
915 4076 970 4144 7)
1009 4091 1150 4131 nom.
1187 4076 1336 4129 hebr.
1375 4075 1475 4130 ccl.
1517 4080 1635 4131 116.
1712 4076 1769 4145 8)
1814 4082 1958 4131 nom.
1996 4078 2143 4131 hebr.
2182 4076 2279 4131 col.
2317 4079 2404 4131 63.
2476 4075 2534 4143 9)
2582 4074 2637 4129 in
2671 4072 2846 4128 Naum

296 4164 346 4229 3,
389 4164 454 4215 13
493 4160 627 4233 sqq„
663 4194 731 4201 —
773 4176 1010 4218 comesor
1048 4164 1170 4233 le.
1209 4164 1350 4233 Dig.',
1391 4164 1556 4232 Tert.,
1597 4169 1857 4219 comestor
1892 4162 2050 4235 Vulg.
2086 4164 2209 4234 Sap.
2284 4165 2375 4233 10)
2414 4163 2469 4227 in
2504 4162 2574 4217 Is.
2610 4162 2753 4216 hom.
2792 4162 2845 4229 5,

295 4250 328 4302 2
365 4250 439 4303 ‘in
477 4250 562 4305 die
601 4248 884 4321 dominica,
923 4266 1059 4321 quae
1100 4250 1362 4323 passionis
1400 4238 1596 4309 Christi
1633 4254 2093 4309 commemoratrix
2130 4252 2250 4308 est’.
2324 4252 2417 4321 11)
2455 4251 2511 4305 in
2546 4250 2657 4305 Jer.
2686 4248 2740 4303 II
2776 4248 2846 4303 ad

296 4341 346 4407 6,
388 4342 456 4393 29
504 4341 836 4410 argentarius
883 4342 998 4396 siue
1045 4342 1322 4412 conflator,
1371 4342 1428 4396 in
1464 4342 1564 4398 Ez.
1601 4332 1706 4397 VII
1742 4342 1811 4397 ad
1848 4345 1935 4412 22,
1983 4348 2047 4398 17
2086 4358 2201 4413 sqq.
2220 4340 2310 4395 ‘al.
2316 4326 2527 4411 ,.'Vulg
2605 4340 2693 4409 12)
2745 4336 2845 4391 uir.

297 4426 496 4483 ill.33.
574 4430 664 4499 13)
713 4431 864 4484 utin
903 4431 1011 4486 Tit.
1051 4433 1102 4502 2,
1142 4436 1175 4486 9
1212 4446 1292 4501 sq.
1377 4432 1505 4501 13α)
1555 4437 1663 4485 -tor
1695 4437 1817 4501 post
1852 4430 1961 4486 Cic.
1999 4438 2053 4486 et
2088 4438 2268 4486 noster
2304 4443 2350 4483 c.
2384 4430 2571 4483 Io.ann
2608 4430 2642 4481 9
2680 4416 2847 4479 Isaias

297 4514 517 4585 uirginis
555 4517 605 4573 d.
683 4519 774 4588 14)
824 4520 880 4573 in
917 4520 1024 4575 Tit.
1063 4526 1114 4590 1,
1158 4524 1222 4575 12
1262 4536 1378 4589 sqq.
1422 4518 1626 4575 Paulus
1672 4518 2005 4575 idololatriae
2050 4518 2365 4588 destructor,
2416 4516 2469 4571 in
2516 4512 2741 4569 Zach.1
2778 4510 2847 4610 ad

301 4605 458 4673 1,18
494 4620 610 4678 sqq.
647 4608 718 4664 al.
797 4606 885 4679 15)
923 4626 968 4665 c.
1004 4608 1186 4679 Pelag.
1223 4610 1295 4680 II,
1335 4614 1367 4667 5
1383 4604 1530 4667 ‘tam
1567 4606 1836 4665 inuolutus
1872 4608 2047 4667 dictor
2082 4606 2181 4665 est’
2221 4607 2323 4677 (4).
