<?xml version="1.0" encoding="UTF-8"?>
<!DOCTYPE html PUBLIC "-//W3C//DTD XHTML 1.0 Transitional//EN"
    "http://www.w3.org/TR/xhtml1/DTD/xhtml1-transitional.dtd">
<html xmlns="http://www.w3.org/1999/xhtml" xml:lang="en" lang="en">
 <head>
  <title>
</title>
<meta http-equiv="Content-Type" content="text/html;charset=utf-8" />
  <meta name='ocr-system' content='tesseract 3.04.00' />
  <meta name='ocr-capabilities' content='ocr_page ocr_carea ocr_par ocr_line ocrx_word'/>
</head>
<body>
  <div class='ocr_page' id='page_1' title='image "./delatinitatebhi02paucgoog_0175.png"; bbox 0 0 3409 5300; ppageno 0'>
   <div class='ocr_carea' id='block_1_1' title="bbox 1538 465 1660 527">
    <p class='ocr_par' dir='ltr' id='par_1_1' title="bbox 1538 465 1660 527">
     <span class='ocr_line' id='line_1_1' title="bbox 1538 465 1660 527; baseline 0 -1"><span class='ocrx_word' id='word_1_1' title='bbox 1538 465 1660 527; x_wconf 79' lang='lat'>165</span> 
     </span>
    </p>
   </div>
   <div class='ocr_carea' id='block_1_2' title="bbox 1432 553 1752 563">
    <p class='ocr_par' dir='ltr' id='par_1_2' title="bbox 1432 553 1752 563">
     <span class='ocr_line' id='line_1_2' title="bbox 1432 553 1752 563; baseline 0 4737"><span class='ocrx_word' id='word_1_2' title='bbox 1432 553 1752 563; x_wconf 95' lang='lat' dir='ltr'> </span> 
     </span>
    </p>
   </div>
   <div class='ocr_carea' id='block_1_3' title="bbox 306 672 2886 4761">
    <p class='ocr_par' dir='ltr' id='par_1_3' title="bbox 306 672 2886 4761">
     <span class='ocr_line' id='line_1_3' title="bbox 317 672 2872 759; baseline 0 -21"><span class='ocrx_word' id='word_1_3' title='bbox 317 673 499 740; x_wconf 86' lang='lat' dir='ltr'>Rom.</span> <span class='ocrx_word' id='word_1_4' title='bbox 561 672 635 754; x_wconf 90' lang='lat' dir='ltr'>V,</span> <span class='ocrx_word' id='word_1_5' title='bbox 708 678 735 738; x_wconf 95' lang='lat'>1</span> <span class='ocrx_word' id='word_1_6' title='bbox 806 675 917 738; x_wconf 66' lang='lat' dir='ltr'>‘ad&#39;</span> <span class='ocrx_word' id='word_1_7' title='bbox 973 672 1487 755; x_wconf 80' lang='lat' dir='ltr'><strong>explanationem</strong></span> <span class='ocrx_word' id='word_1_8' title='bbox 1550 675 1754 742; x_wconf 81' lang='lat' dir='ltr'>totius</span> <span class='ocrx_word' id='word_1_9' title='bbox 1819 673 2101 756; x_wconf 83' lang='lat' dir='ltr'>capituli’</span> <span class='ocrx_word' id='word_1_10' title='bbox 2164 673 2254 759; x_wconf 90' lang='lat' dir='ltr'>(h.</span> <span class='ocrx_word' id='word_1_11' title='bbox 2313 693 2368 740; x_wconf 90' lang='lat' dir='ltr'>e.</span> <span class='ocrx_word' id='word_1_12' title='bbox 2421 674 2614 740; x_wconf 81' lang='lat' dir='ltr'>Rom.</span> <span class='ocrx_word' id='word_1_13' title='bbox 2675 679 2744 756; x_wconf 86' lang='lat'>5,</span> <span class='ocrx_word' id='word_1_14' title='bbox 2805 672 2872 739; x_wconf 76' lang='lat' dir='ltr'>‘u.</span> 
     </span>
     <span class='ocr_line' id='line_1_4' title="bbox 323 762 2873 848; baseline 0 -21"><span class='ocrx_word' id='word_1_15' title='bbox 323 762 633 846; x_wconf 87' lang='lat'>12—14)‚</span> <span class='ocrx_word' id='word_1_16' title='bbox 695 763 779 842; x_wconf 89' lang='lat' dir='ltr'>H,</span> <span class='ocrx_word' id='word_1_17' title='bbox 843 767 920 828; x_wconf 87' lang='lat'>13</span> <span class='ocrx_word' id='word_1_18' title='bbox 974 762 1079 841; x_wconf 73' lang='lat' dir='ltr'>al,</span> <span class='ocrx_word' id='word_1_19' title='bbox 1144 765 1471 845; x_wconf 83' lang='lat' dir='ltr'>captiuare</span> <span class='ocrx_word' id='word_1_20' title='bbox 1536 765 1711 848; x_wconf 87' lang='lat'>(94):</span> <span class='ocrx_word' id='word_1_21' title='bbox 1774 764 1974 845; x_wconf 91' lang='lat' dir='ltr'>princ.</span> <span class='ocrx_word' id='word_1_22' title='bbox 2021 763 2129 845; x_wconf 90' lang='lat' dir='ltr'>IV,</span> <span class='ocrx_word' id='word_1_23' title='bbox 2187 769 2240 844; x_wconf 91' lang='lat' dir='ltr'>l,</span> <span class='ocrx_word' id='word_1_24' title='bbox 2293 768 2396 843; x_wconf 89' lang='lat'>23,</span> <span class='ocrx_word' id='word_1_25' title='bbox 2461 763 2700 829; x_wconf 83' lang='lat' dir='ltr'>caritas</span> <span class='ocrx_word' id='word_1_26' title='bbox 2759 763 2873 846; x_wconf 88' lang='lat'>(38</span> 
     </span>
     <span class='ocr_line' id='line_1_5' title="bbox 318 851 2873 936; baseline -0 -19"><span class='ocrx_word' id='word_1_27' title='bbox 318 851 474 936; x_wconf 88' lang='lat' dir='ltr'>sq.):</span> <span class='ocrx_word' id='word_1_28' title='bbox 536 869 756 932; x_wconf 84' lang='lat' dir='ltr'>saepe,</span> <span class='ocrx_word' id='word_1_29' title='bbox 820 857 893 916; x_wconf 91' lang='lat' dir='ltr'>ut</span> <span class='ocrx_word' id='word_1_30' title='bbox 949 870 1005 916; x_wconf 92' lang='lat' dir='ltr'>e.</span> <span class='ocrx_word' id='word_1_31' title='bbox 1054 871 1107 917; x_wconf 90' lang='lat' dir='ltr'>c.</span> <span class='ocrx_word' id='word_1_32' title='bbox 1156 853 1219 916; x_wconf 89' lang='lat' dir='ltr'>in</span> <span class='ocrx_word' id='word_1_33' title='bbox 1271 854 1451 918; x_wconf 89' lang='lat' dir='ltr'>Rom.</span> <span class='ocrx_word' id='word_1_34' title='bbox 1500 853 1605 931; x_wconf 88' lang='lat' dir='ltr'>IV,</span> <span class='ocrx_word' id='word_1_35' title='bbox 1663 859 1738 918; x_wconf 99' lang='grc'>11</span> <span class='ocrx_word' id='word_1_36' title='bbox 1807 853 1927 918; x_wconf 89' lang='lat' dir='ltr'>Dei</span> <span class='ocrx_word' id='word_1_37' title='bbox 1990 853 2282 918; x_wconf 89' lang='lat' dir='ltr'>caritatis</span> <span class='ocrx_word' id='word_1_38' title='bbox 2347 871 2502 933; x_wconf 85' lang='lat' dir='ltr'>erga</span> <span class='ocrx_word' id='word_1_39' title='bbox 2562 852 2873 933; x_wconf 59' lang='lat' dir='ltr'>hominnm,</span> 
     </span>
     <span class='ocr_line' id='line_1_6' title="bbox 318 939 2872 1027; baseline -0.001 -21"><span class='ocrx_word' id='word_1_40' title='bbox 318 939 622 1006; x_wconf 86' lang='lat' dir='ltr'>carnalis:</span> <span class='ocrx_word' id='word_1_41' title='bbox 682 941 749 1005; x_wconf 93' lang='lat' dir='ltr'>in</span> <span class='ocrx_word' id='word_1_42' title='bbox 806 940 993 1007; x_wconf 90' lang='lat' dir='ltr'>Cant.</span> <span class='ocrx_word' id='word_1_43' title='bbox 1038 941 1129 1006; x_wconf 86' lang='lat' dir='ltr'>IV</span> <span class='ocrx_word' id='word_1_44' title='bbox 1173 960 1239 1022; x_wconf 90' lang='lat' dir='ltr'>p.</span> <span class='ocrx_word' id='word_1_45' title='bbox 1288 948 1369 1006; x_wconf 86' lang='lat'>87</span> <span class='ocrx_word' id='word_1_46' title='bbox 1438 943 1712 1008; x_wconf 90' lang='lat' dir='ltr'>carnalis</span> <span class='ocrx_word' id='word_1_47' title='bbox 1775 941 2128 1022; x_wconf 82' lang='lat' dir='ltr'>sapientiae</span> <span class='ocrx_word' id='word_1_48' title='bbox 2189 940 2292 1024; x_wconf 91' lang='lat' dir='ltr'>al.,</span> <span class='ocrx_word' id='word_1_49' title='bbox 2357 940 2697 1006; x_wconf 78' lang='lat' dir='ltr'>carnaliter</span> <span class='ocrx_word' id='word_1_50' title='bbox 2758 942 2872 1027; x_wconf 82' lang='lat'>(48</span> 
     </span>
     <span class='ocr_line' id='line_1_7' title="bbox 318 1028 2877 1116; baseline 0 -23"><span class='ocrx_word' id='word_1_51' title='bbox 318 1049 380 1096; x_wconf 91' lang='lat' dir='ltr'>n.</span> <span class='ocrx_word' id='word_1_52' title='bbox 432 1028 531 1116; x_wconf 86' lang='lat'>6):</span> <span class='ocrx_word' id='word_1_53' title='bbox 590 1033 663 1094; x_wconf 89' lang='lat' dir='ltr'>ut</span> <span class='ocrx_word' id='word_1_54' title='bbox 707 1029 749 1094; x_wconf 91' lang='lat' dir='ltr'>l.</span> <span class='ocrx_word' id='word_1_55' title='bbox 796 1029 839 1094; x_wconf 94' lang='lat' dir='ltr'>l.</span> <span class='ocrx_word' id='word_1_56' title='bbox 886 1031 997 1111; x_wconf 90' lang='lat' dir='ltr'>qui</span> <span class='ocrx_word' id='word_1_57' title='bbox 1046 1049 1097 1097; x_wconf 91' lang='lat' dir='ltr'>c.</span> <span class='ocrx_word' id='word_1_58' title='bbox 1147 1031 1395 1112; x_wconf 90' lang='lat' dir='ltr'>uiuunt,</span> <span class='ocrx_word' id='word_1_59' title='bbox 1456 1049 1756 1096; x_wconf 89' lang='lat' dir='ltr'>carneus:</span> <span class='ocrx_word' id='word_1_60' title='bbox 1810 1032 1876 1095; x_wconf 92' lang='lat' dir='ltr'>in</span> <span class='ocrx_word' id='word_1_61' title='bbox 1928 1031 2034 1096; x_wconf 83' lang='lat' dir='ltr'>Ps.</span> <span class='ocrx_word' id='word_1_62' title='bbox 2085 1035 2166 1096; x_wconf 89' lang='grc'>38</span> <span class='ocrx_word' id='word_1_63' title='bbox 2217 1031 2277 1095; x_wconf 91' lang='lat' dir='ltr'>h.</span> <span class='ocrx_word' id='word_1_64' title='bbox 2331 1035 2389 1109; x_wconf 91' lang='lat'>2,</span> <span class='ocrx_word' id='word_1_65' title='bbox 2441 1035 2479 1094; x_wconf 88' lang='grc'>8</span> <span class='ocrx_word' id='word_1_66' title='bbox 2529 1030 2743 1112; x_wconf 88' lang='lat' dir='ltr'>‘quod,</span> <span class='ocrx_word' id='word_1_67' title='bbox 2800 1032 2877 1093; x_wconf 88' lang='lat' dir='ltr'>ut</span> 
     </span>
     <span class='ocr_line' id='line_1_8' title="bbox 317 1118 2874 1201; baseline -0 -18"><span class='ocrx_word' id='word_1_68' title='bbox 317 1119 413 1185; x_wconf 87' lang='lat' dir='ltr'>ita</span> <span class='ocrx_word' id='word_1_69' title='bbox 460 1119 688 1200; x_wconf 89' lang='lat' dir='ltr'>dicam,</span> <span class='ocrx_word' id='word_1_70' title='bbox 736 1137 968 1183; x_wconf 86' lang='lat' dir='ltr'>carnea</span> <span class='ocrx_word' id='word_1_71' title='bbox 1015 1118 1329 1184; x_wconf 87' lang='lat' dir='ltr'>efficiatur</span> <span class='ocrx_word' id='word_1_72' title='bbox 1372 1121 1585 1184; x_wconf 91' lang='lat' dir='ltr'>anima</span> <span class='ocrx_word' id='word_1_73' title='bbox 1631 1119 2031 1201; x_wconf 89' lang='lat' dir='ltr'>peccatoris’‚</span> <span class='ocrx_word' id='word_1_74' title='bbox 2078 1119 2140 1183; x_wconf 92' lang='lat' dir='ltr'>in</span> <span class='ocrx_word' id='word_1_75' title='bbox 2185 1119 2339 1184; x_wconf 90' lang='lat' dir='ltr'>Leu.</span> <span class='ocrx_word' id='word_1_76' title='bbox 2376 1125 2434 1198; x_wconf 91' lang='lat'>7,</span> <span class='ocrx_word' id='word_1_77' title='bbox 2468 1125 2508 1184; x_wconf 88' lang='grc'>8</span> <span class='ocrx_word' id='word_1_78' title='bbox 2540 1119 2645 1200; x_wconf 90' lang='lat' dir='ltr'>al.,</span> <span class='ocrx_word' id='word_1_79' title='bbox 2691 1121 2874 1182; x_wconf 64' lang='lat' dir='ltr'>³*cau-</span> 
     </span>
     <span class='ocr_line' id='line_1_9' title="bbox 319 1207 2875 1291; baseline -0 -19"><span class='ocrx_word' id='word_1_80' title='bbox 319 1207 451 1272; x_wconf 86' lang='lat' dir='ltr'>sari</span> <span class='ocrx_word' id='word_1_81' title='bbox 504 1208 681 1291; x_wconf 88' lang='lat'>(12):</span> <span class='ocrx_word' id='word_1_82' title='bbox 743 1209 807 1272; x_wconf 92' lang='lat' dir='ltr'>in</span> <span class='ocrx_word' id='word_1_83' title='bbox 860 1207 1063 1273; x_wconf 86' lang='lat' dir='ltr'>Exod.</span> <span class='ocrx_word' id='word_1_84' title='bbox 1116 1214 1176 1290; x_wconf 88' lang='lat'>7,</span> <span class='ocrx_word' id='word_1_85' title='bbox 1225 1214 1267 1273; x_wconf 99' lang='lat'>4</span> <span class='ocrx_word' id='word_1_86' title='bbox 1331 1210 1492 1274; x_wconf 88' lang='lat' dir='ltr'>‘cum</span> <span class='ocrx_word' id='word_1_87' title='bbox 1547 1210 1627 1273; x_wconf 91' lang='lat' dir='ltr'>de</span> <span class='ocrx_word' id='word_1_88' title='bbox 1682 1208 2226 1290; x_wconf 87' lang='lat' dir='ltr'>prosperitatibus</span> <span class='ocrx_word' id='word_1_89' title='bbox 2282 1208 2875 1274; x_wconf 85' lang='lat' dir='ltr'>aliorum..causa·</span> 
     </span>
     <span class='ocr_line' id='line_1_10' title="bbox 318 1294 2872 1382; baseline -0 -21"><span class='ocrx_word' id='word_1_90' title='bbox 318 1295 501 1376; x_wconf 86' lang='lat' dir='ltr'>mur’,</span> <span class='ocrx_word' id='word_1_91' title='bbox 552 1295 777 1361; x_wconf 90' lang='lat' dir='ltr'>cellula</span> <span class='ocrx_word' id='word_1_92' title='bbox 824 1294 1005 1382; x_wconf 84' lang='lat'>(58):</span> <span class='ocrx_word' id='word_1_93' title='bbox 1052 1298 1113 1362; x_wconf 91' lang='lat' dir='ltr'>h.</span> <span class='ocrx_word' id='word_1_94' title='bbox 1162 1316 1331 1362; x_wconf 91' lang='lat' dir='ltr'>mon.</span> <span class='ocrx_word' id='word_1_95' title='bbox 1383 1303 1465 1362; x_wconf 90' lang='lat'>22</span> <span class='ocrx_word' id='word_1_96' title='bbox 1517 1303 1583 1363; x_wconf 91' lang='lat' dir='ltr'>et</span> <span class='ocrx_word' id='word_1_97' title='bbox 1629 1317 1825 1379; x_wconf 89' lang='lat' dir='ltr'>saep.,</span> <span class='ocrx_word' id='word_1_98' title='bbox 1874 1295 2213 1376; x_wconf 83' lang='lat' dir='ltr'>centuplus</span> <span class='ocrx_word' id='word_1_99' title='bbox 2259 1295 2434 1382; x_wconf 85' lang='lat'>(75):</span> <span class='ocrx_word' id='word_1_100' title='bbox 2484 1297 2547 1363; x_wconf 91' lang='lat' dir='ltr'>h.</span> <span class='ocrx_word' id='word_1_101' title='bbox 2579 1296 2728 1362; x_wconf 89' lang='lat' dir='ltr'>eccl.</span> <span class='ocrx_word' id='word_1_102' title='bbox 2761 1295 2872 1375; x_wconf 91' lang='lat' dir='ltr'>XI,</span> 
     </span>
     <span class='ocr_line' id='line_1_11' title="bbox 320 1383 2874 1466; baseline 0 -18"><span class='ocrx_word' id='word_1_103' title='bbox 320 1390 377 1463; x_wconf 91' lang='grc'>2,</span> <span class='ocrx_word' id='word_1_104' title='bbox 426 1387 750 1450; x_wconf 62' lang='lat' dir='ltr'>*cessarffl</span> <span class='ocrx_word' id='word_1_105' title='bbox 806 1385 868 1451; x_wconf 86' lang='lat' dir='ltr'>h.</span> <span class='ocrx_word' id='word_1_106' title='bbox 916 1404 1083 1452; x_wconf 91' lang='lat' dir='ltr'>mon.</span> <span class='ocrx_word' id='word_1_107' title='bbox 1136 1391 1173 1450; x_wconf 89' lang='lat'>9</span> <span class='ocrx_word' id='word_1_108' title='bbox 1226 1387 1324 1451; x_wconf 87' lang='lat' dir='ltr'>‘ab</span> <span class='ocrx_word' id='word_1_109' title='bbox 1373 1385 1680 1452; x_wconf 86' lang='lat' dir='ltr'>effusione</span> <span class='ocrx_word' id='word_1_110' title='bbox 1738 1386 2068 1465; x_wconf 83' lang='lat' dir='ltr'>sanguinis</span> <span class='ocrx_word' id='word_1_111' title='bbox 2124 1385 2345 1465; x_wconf 89' lang='lat' dir='ltr'>cessa’,</span> <span class='ocrx_word' id='word_1_112' title='bbox 2407 1387 2475 1451; x_wconf 89' lang='lat' dir='ltr'>in</span> <span class='ocrx_word' id='word_1_113' title='bbox 2530 1386 2712 1452; x_wconf 87' lang='lat' dir='ltr'>Rom.</span> <span class='ocrx_word' id='word_1_114' title='bbox 2759 1383 2874 1466; x_wconf 92' lang='lat' dir='ltr'>III,</span> 
     </span>
     <span class='ocr_line' id='line_1_12' title="bbox 326 1474 2880 1556; baseline 0 -20"><span class='ocrx_word' id='word_1_115' title='bbox 326 1478 397 1537; x_wconf 92' lang='grc'>11</span> <span class='ocrx_word' id='word_1_116' title='bbox 452 1475 830 1554; x_wconf 82' lang='lat' dir='ltr'>‘paedagogi</span> <span class='ocrx_word' id='word_1_117' title='bbox 856 1526 869 1539; x_wconf 91' lang='lat'>.</span> <span class='ocrx_word' id='word_1_118' title='bbox 894 1521 909 1537; x_wconf 93' lang='lat'>.</span> <span class='ocrx_word' id='word_1_119' title='bbox 936 1493 1097 1556; x_wconf 88' lang='lat' dir='ltr'>opus</span> <span class='ocrx_word' id='word_1_120' title='bbox 1146 1476 1505 1541; x_wconf 79' lang='lat' dir='ltr'>destruitur</span> <span class='ocrx_word' id='word_1_121' title='bbox 1549 1481 1618 1541; x_wconf 93' lang='lat' dir='ltr'>et</span> <span class='ocrx_word' id='word_1_122' title='bbox 1648 1481 1876 1554; x_wconf 87' lang='lat' dir='ltr'>cessat,</span> <span class='ocrx_word' id='word_1_123' title='bbox 1929 1493 2070 1540; x_wconf 93' lang='lat' dir='ltr'>cum</span> <span class='ocrx_word' id='word_1_124' title='bbox 2101 1476 2183 1539; x_wconf 87' lang='lat' dir='ltr'>ad</span> <span class='ocrx_word' id='word_1_125' title='bbox 2213 1474 2566 1556; x_wconf 83' lang='lat' dir='ltr'>perfectam</span> <span class='ocrx_word' id='word_1_126' title='bbox 2598 1478 2880 1540; x_wconf 87' lang='lat' dir='ltr'>aetatem</span> 
     </span>
     <span class='ocr_line' id='line_1_13' title="bbox 315 1560 2879 1651; baseline 0 -24"><span class='ocrx_word' id='word_1_127' title='bbox 315 1563 573 1628; x_wconf 90' lang='lat' dir='ltr'>uenerit</span> <span class='ocrx_word' id='word_1_128' title='bbox 632 1562 982 1644; x_wconf 89' lang='lat' dir='ltr'>paruulus&#39;,</span> <span class='ocrx_word' id='word_1_129' title='bbox 1047 1582 1151 1644; x_wconf 90' lang='lat' dir='ltr'>ap.</span> <span class='ocrx_word' id='word_1_130' title='bbox 1198 1564 1245 1642; x_wconf 98' lang='grc' dir='ltr'>Ι,</span> <span class='ocrx_word' id='word_1_131' title='bbox 1306 1569 1367 1644; x_wconf 87' lang='grc'>8,</span> <span class='ocrx_word' id='word_1_132' title='bbox 1430 1565 1633 1646; x_wconf 89' lang='lat' dir='ltr'>princ.</span> <span class='ocrx_word' id='word_1_133' title='bbox 1678 1563 1794 1644; x_wconf 87' lang='lat' dir='ltr'>III,</span> <span class='ocrx_word' id='word_1_134' title='bbox 1855 1569 1914 1645; x_wconf 86' lang='lat'>5,</span> <span class='ocrx_word' id='word_1_135' title='bbox 1973 1568 1998 1626; x_wconf 94' lang='lat' dir='ltr'>l</span> <span class='ocrx_word' id='word_1_136' title='bbox 2054 1563 2158 1646; x_wconf 90' lang='lat' dir='ltr'>al.,</span> <span class='ocrx_word' id='word_1_137' title='bbox 2220 1564 2513 1629; x_wconf 88' lang='lat' dir='ltr'>chartula</span> <span class='ocrx_word' id='word_1_138' title='bbox 2574 1560 2752 1651; x_wconf 82' lang='lat'>(58):</span> <span class='ocrx_word' id='word_1_139' title='bbox 2812 1562 2879 1628; x_wconf 88' lang='lat' dir='ltr'>in</span> 
     </span>
     <span class='ocr_line' id='line_1_14' title="bbox 317 1651 2878 1734; baseline -0.001 -18"><span class='ocrx_word' id='word_1_140' title='bbox 317 1652 500 1716; x_wconf 91' lang='lat' dir='ltr'>Rom.</span> <span class='ocrx_word' id='word_1_141' title='bbox 530 1652 580 1728; x_wconf 88' lang='lat' dir='ltr'>I,</span> <span class='ocrx_word' id='word_1_142' title='bbox 618 1658 657 1715; x_wconf 87' lang='lat'>4</span> <span class='ocrx_word' id='word_1_143' title='bbox 704 1651 1015 1716; x_wconf 84' lang='lat' dir='ltr'>chartulis</span> <span class='ocrx_word' id='word_1_144' title='bbox 1062 1655 1461 1719; x_wconf 86' lang='lat' dir='ltr'>committere</span> <span class='ocrx_word' id='word_1_145' title='bbox 1494 1671 1852 1720; x_wconf 86' lang='lat' dir='ltr'>sermonem</span> <span class='ocrx_word' id='word_1_146' title='bbox 1886 1652 1991 1734; x_wconf 80' lang='lat' dir='ltr'>aL,</span> <span class='ocrx_word' id='word_1_147' title='bbox 2031 1653 2455 1719; x_wconf 84' lang='lat' dir='ltr'>circumcisio:</span> <span class='ocrx_word' id='word_1_148' title='bbox 2502 1671 2557 1718; x_wconf 92' lang='lat' dir='ltr'>e.</span> <span class='ocrx_word' id='word_1_149' title='bbox 2590 1671 2644 1718; x_wconf 92' lang='lat' dir='ltr'>c.</span> <span class='ocrx_word' id='word_1_150' title='bbox 2675 1651 2878 1734; x_wconf 87' lang='lat' dir='ltr'>princ.</span> 
     </span>
     <span class='ocr_line' id='line_1_15' title="bbox 319 1736 2878 1829; baseline 0 -25"><span class='ocrx_word' id='word_1_151' title='bbox 319 1736 395 1821; x_wconf 91' lang='grc' dir='ltr'>ΙΙ,</span> <span class='ocrx_word' id='word_1_152' title='bbox 447 1744 507 1820; x_wconf 88' lang='grc'>6,</span> <span class='ocrx_word' id='word_1_153' title='bbox 560 1744 619 1821; x_wconf 89' lang='grc'>6,</span> <span class='ocrx_word' id='word_1_154' title='bbox 677 1737 1097 1806; x_wconf 82' lang='lat' dir='ltr'>⁵⁰clarificare</span> <span class='ocrx_word' id='word_1_155' title='bbox 1144 1740 1321 1829; x_wconf 86' lang='lat'>(97):</span> <span class='ocrx_word' id='word_1_156' title='bbox 1374 1743 1436 1806; x_wconf 92' lang='lat' dir='ltr'>in</span> <span class='ocrx_word' id='word_1_157' title='bbox 1488 1742 1701 1824; x_wconf 80' lang='lat' dir='ltr'>Symb.</span> <span class='ocrx_word' id='word_1_158' title='bbox 1743 1747 1844 1823; x_wconf 88' lang='grc'>29,</span> <span class='ocrx_word' id='word_1_159' title='bbox 1897 1743 2306 1808; x_wconf 85' lang='lat' dir='ltr'>coaeternus:</span> <span class='ocrx_word' id='word_1_160' title='bbox 2354 1743 2416 1806; x_wconf 92' lang='lat' dir='ltr'>in</span> <span class='ocrx_word' id='word_1_161' title='bbox 2467 1741 2630 1808; x_wconf 87' lang='lat' dir='ltr'>Gen.</span> <span class='ocrx_word' id='word_1_162' title='bbox 2686 1745 2786 1822; x_wconf 86' lang='lat'>14,</span> <span class='ocrx_word' id='word_1_163' title='bbox 2841 1743 2878 1804; x_wconf 98' lang='lat'><strong>3</strong></span> 
     </span>
     <span class='ocr_line' id='line_1_16' title="bbox 318 1827 2879 1917; baseline 0 -24"><span class='ocrx_word' id='word_1_164' title='bbox 318 1828 419 1908; x_wconf 91' lang='lat' dir='ltr'>al.,</span> <span class='ocrx_word' id='word_1_165' title='bbox 468 1831 932 1910; x_wconf 67' lang='lat' dir='ltr'>*coangustare</span> <span class='ocrx_word' id='word_1_166' title='bbox 978 1827 1155 1916; x_wconf 88' lang='lat'>(99):</span> <span class='ocrx_word' id='word_1_167' title='bbox 1204 1831 1474 1912; x_wconf 89' lang='lat' dir='ltr'>Pamph.</span> <span class='ocrx_word' id='word_1_168' title='bbox 1522 1850 1638 1912; x_wconf 90' lang='lat' dir='ltr'>pro</span> <span class='ocrx_word' id='word_1_169' title='bbox 1687 1830 1866 1911; x_wconf 82' lang='lat' dir='ltr'>Orig.</span> <span class='ocrx_word' id='word_1_170' title='bbox 1914 1850 1977 1912; x_wconf 88' lang='lat' dir='ltr'>p.</span> <span class='ocrx_word' id='word_1_171' title='bbox 2030 1835 2179 1913; x_wconf 84' lang='lat'>368,</span> <span class='ocrx_word' id='word_1_172' title='bbox 2227 1836 2530 1913; x_wconf 88' lang='lat' dir='ltr'>coaptare</span> <span class='ocrx_word' id='word_1_173' title='bbox 2577 1829 2755 1917; x_wconf 88' lang='lat'>(99):</span> <span class='ocrx_word' id='word_1_174' title='bbox 2813 1828 2879 1894; x_wconf 89' lang='lat' dir='ltr'>in</span> 
     </span>
     <span class='ocr_line' id='line_1_17' title="bbox 320 1918 2886 2000; baseline -0 -17"><span class='ocrx_word' id='word_1_175' title='bbox 320 1918 474 1983; x_wconf 86' lang='lat' dir='ltr'>Len.</span> <span class='ocrx_word' id='word_1_176' title='bbox 543 1924 603 1999; x_wconf 88' lang='grc'>7,</span> <span class='ocrx_word' id='word_1_177' title='bbox 674 1923 701 1982; x_wconf 93' lang='grc'>1</span> <span class='ocrx_word' id='word_1_178' title='bbox 776 1920 1039 1984; x_wconf 89' lang='lat' dir='ltr'>‘ueteris</span> <span class='ocrx_word' id='word_1_179' title='bbox 1102 1920 1516 1985; x_wconf 88' lang='lat' dir='ltr'>instrumenti</span> <span class='ocrx_word' id='word_1_180' title='bbox 1592 1919 1832 1984; x_wconf 85' lang='lat' dir='ltr'>formas</span> <span class='ocrx_word' id='word_1_181' title='bbox 1911 1920 2062 1984; x_wconf 90' lang='lat' dir='ltr'>noui</span> <span class='ocrx_word' id='word_1_182' title='bbox 2126 1920 2499 1986; x_wconf 83' lang='lat' dir='ltr'>testamenti</span> <span class='ocrx_word' id='word_1_183' title='bbox 2563 1918 2767 2000; x_wconf 86' lang='lat' dir='ltr'>gestis</span> <span class='ocrx_word' id='word_1_184' title='bbox 2815 1922 2886 1982; x_wconf 87' lang='lat' dir='ltr'>et</span> 
     </span>
     <span class='ocr_line' id='line_1_18' title="bbox 317 2006 2878 2090; baseline -0.002 -17"><span class='ocrx_word' id='word_1_185' title='bbox 317 2008 721 2073; x_wconf 90' lang='lat' dir='ltr'>sermonibus</span> <span class='ocrx_word' id='word_1_186' title='bbox 766 2008 1092 2086; x_wconf 88' lang='lat' dir='ltr'>coaptare’</span> <span class='ocrx_word' id='word_1_187' title='bbox 1139 2006 1243 2088; x_wconf 78' lang='lat' dir='ltr'>aL,</span> <span class='ocrx_word' id='word_1_188' title='bbox 1307 2010 1422 2074; x_wconf 89' lang='lat' dir='ltr'>sed</span> <span class='ocrx_word' id='word_1_189' title='bbox 1484 2009 1744 2090; x_wconf 89' lang='lat' dir='ltr'>saepius</span> <span class='ocrx_word' id='word_1_190' title='bbox 1807 2007 2074 2087; x_wconf 89' lang='lat' dir='ltr'>simplici</span> <span class='ocrx_word' id='word_1_191' title='bbox 2141 2013 2368 2090; x_wconf 88' lang='lat' dir='ltr'>aptare</span> <span class='ocrx_word' id='word_1_192' title='bbox 2432 2025 2612 2089; x_wconf 87' lang='lat' dir='ltr'>usus,</span> <span class='ocrx_word' id='word_1_193' title='bbox 2675 2012 2755 2073; x_wconf 87' lang='lat' dir='ltr'>ut</span> <span class='ocrx_word' id='word_1_194' title='bbox 2812 2006 2878 2070; x_wconf 92' lang='lat' dir='ltr'>in</span> 
     </span>
     <span class='ocr_line' id='line_1_19' title="bbox 320 2095 2880 2180; baseline -0 -19"><span class='ocrx_word' id='word_1_195' title='bbox 320 2097 506 2162; x_wconf 89' lang='lat' dir='ltr'>Cant.</span> <span class='ocrx_word' id='word_1_196' title='bbox 553 2095 614 2159; x_wconf 92' lang='grc' dir='ltr'>ΙΙ</span> <span class='ocrx_word' id='word_1_197' title='bbox 661 2115 723 2178; x_wconf 89' lang='lat' dir='ltr'>p.</span> <span class='ocrx_word' id='word_1_198' title='bbox 776 2101 899 2161; x_wconf 88' lang='grc'>392</span> <span class='ocrx_word' id='word_1_199' title='bbox 955 2103 1137 2178; x_wconf 80' lang='lat' dir='ltr'>‘quae</span> <span class='ocrx_word' id='word_1_200' title='bbox 1186 2097 1437 2178; x_wconf 84' lang='lat' dir='ltr'>singula</span> <span class='ocrx_word' id='word_1_201' title='bbox 1490 2098 1640 2162; x_wconf 91' lang='lat' dir='ltr'>huic</span> <span class='ocrx_word' id='word_1_202' title='bbox 1694 2097 2002 2180; x_wconf 83' lang='lat' dir='ltr'>mysterio</span> <span class='ocrx_word' id='word_1_203' title='bbox 2058 2098 2515 2162; x_wconf 90' lang='lat' dir='ltr'>conuenienter</span> <span class='ocrx_word' id='word_1_204' title='bbox 2567 2095 2880 2162; x_wconf 86' lang='lat' dir='ltr'>uidebun-</span> 
     </span>
     <span class='ocr_line' id='line_1_20' title="bbox 318 2184 2878 2271; baseline -0 -22"><span class='ocrx_word' id='word_1_205' title='bbox 318 2190 425 2249; x_wconf 83' lang='lat' dir='ltr'>tur</span> <span class='ocrx_word' id='word_1_206' title='bbox 480 2185 735 2267; x_wconf 88' lang='lat' dir='ltr'>aptari’,</span> <span class='ocrx_word' id='word_1_207' title='bbox 792 2185 1134 2266; x_wconf 84' lang='lat' dir='ltr'>cogitatus,</span> <span class='ocrx_word' id='word_1_208' title='bbox 1193 2206 1301 2252; x_wconf 91' lang='lat' dir='ltr'>us:</span> <span class='ocrx_word' id='word_1_209' title='bbox 1365 2187 1428 2250; x_wconf 93' lang='lat' dir='ltr'>in</span> <span class='ocrx_word' id='word_1_210' title='bbox 1480 2186 1588 2253; x_wconf 84' lang='lat' dir='ltr'>Ps.</span> <span class='ocrx_word' id='word_1_211' title='bbox 1637 2190 1720 2250; x_wconf 85' lang='grc'>38</span> <span class='ocrx_word' id='word_1_212' title='bbox 1770 2186 1831 2250; x_wconf 93' lang='lat' dir='ltr'>h.</span> <span class='ocrx_word' id='word_1_213' title='bbox 1885 2190 1942 2264; x_wconf 90' lang='lat'>2,</span> <span class='ocrx_word' id='word_1_214' title='bbox 1995 2191 2056 2269; x_wconf 91' lang='grc'>8,</span> <span class='ocrx_word' id='word_1_215' title='bbox 2112 2185 2482 2252; x_wconf 87' lang='lat' dir='ltr'>cohabitare</span> <span class='ocrx_word' id='word_1_216' title='bbox 2531 2185 2752 2271; x_wconf 89' lang='lat'>(111):</span> <span class='ocrx_word' id='word_1_217' title='bbox 2813 2184 2878 2249; x_wconf 93' lang='lat' dir='ltr'>in</span> 
     </span>
     <span class='ocr_line' id='line_1_21' title="bbox 316 2273 2879 2362; baseline -0 -23"><span class='ocrx_word' id='word_1_218' title='bbox 316 2274 477 2339; x_wconf 84' lang='lat' dir='ltr'>Jesu</span> <span class='ocrx_word' id='word_1_219' title='bbox 538 2274 617 2340; x_wconf 88' lang='lat' dir='ltr'>N.</span> <span class='ocrx_word' id='word_1_220' title='bbox 684 2279 781 2356; x_wconf 87' lang='lat'>17,</span> <span class='ocrx_word' id='word_1_221' title='bbox 842 2280 911 2355; x_wconf 88' lang='lat'>3,</span> <span class='ocrx_word' id='word_1_222' title='bbox 976 2275 1388 2357; x_wconf 86' lang='lat' dir='ltr'>coinquinare</span> <span class='ocrx_word' id='word_1_223' title='bbox 1446 2273 1670 2362; x_wconf 88' lang='lat'>(112),</span> <span class='ocrx_word' id='word_1_224' title='bbox 1738 2274 2073 2356; x_wconf 59' lang='lat' dir='ltr'>“collectae</span> <span class='ocrx_word' id='word_1_225' title='bbox 2135 2274 2199 2340; x_wconf 90' lang='lat' dir='ltr'>h.</span> <span class='ocrx_word' id='word_1_226' title='bbox 2259 2293 2426 2342; x_wconf 91' lang='lat' dir='ltr'>mon.</span> <span class='ocrx_word' id='word_1_227' title='bbox 2477 2279 2558 2339; x_wconf 89' lang='grc'>29</span> <span class='ocrx_word' id='word_1_228' title='bbox 2614 2293 2678 2355; x_wconf 89' lang='lat' dir='ltr'>p.</span> <span class='ocrx_word' id='word_1_229' title='bbox 2733 2277 2879 2354; x_wconf 86' lang='lat'>198,</span> 
     </span>
     <span class='ocr_line' id='line_1_22' title="bbox 318 2361 2874 2448; baseline -0.001 -20"><span class='ocrx_word' id='word_1_230' title='bbox 318 2364 729 2429; x_wconf 88' lang='lat' dir='ltr'>comminatio</span> <span class='ocrx_word' id='word_1_231' title='bbox 788 2361 963 2448; x_wconf 89' lang='lat'>(22):</span> <span class='ocrx_word' id='word_1_232' title='bbox 1029 2362 1086 2428; x_wconf 88' lang='lat' dir='ltr'>h.</span> <span class='ocrx_word' id='word_1_233' title='bbox 1136 2383 1305 2430; x_wconf 90' lang='lat' dir='ltr'>mon.</span> <span class='ocrx_word' id='word_1_234' title='bbox 1352 2369 1391 2428; x_wconf 90' lang='lat'>9</span> <span class='ocrx_word' id='word_1_235' title='bbox 1441 2383 1503 2445; x_wconf 92' lang='lat' dir='ltr'>p.</span> <span class='ocrx_word' id='word_1_236' title='bbox 1558 2369 1684 2429; x_wconf 84' lang='lat'>164</span> <span class='ocrx_word' id='word_1_237' title='bbox 1733 2363 1834 2444; x_wconf 92' lang='lat' dir='ltr'>al.,</span> <span class='ocrx_word' id='word_1_238' title='bbox 1893 2365 2335 2430; x_wconf 89' lang='lat' dir='ltr'>commonitio:</span> <span class='ocrx_word' id='word_1_239' title='bbox 2398 2364 2460 2428; x_wconf 92' lang='lat' dir='ltr'>h.</span> <span class='ocrx_word' id='word_1_240' title='bbox 2513 2362 2661 2429; x_wconf 89' lang='lat' dir='ltr'>eccl.</span> <span class='ocrx_word' id='word_1_241' title='bbox 2709 2363 2789 2444; x_wconf 89' lang='lat' dir='ltr'>X,</span> <span class='ocrx_word' id='word_1_242' title='bbox 2844 2367 2874 2426; x_wconf 96' lang='lat'>1</span> 
     </span>
     <span class='ocr_line' id='line_1_23' title="bbox 318 2449 2880 2538; baseline 0 -23"><span class='ocrx_word' id='word_1_243' title='bbox 318 2451 422 2532; x_wconf 90' lang='lat' dir='ltr'>al.,</span> <span class='ocrx_word' id='word_1_244' title='bbox 472 2470 751 2533; x_wconf 89' lang='lat' dir='ltr'>compar.</span> <span class='ocrx_word' id='word_1_245' title='bbox 804 2471 856 2518; x_wconf 93' lang='lat' dir='ltr'>c.</span> <span class='ocrx_word' id='word_1_246' title='bbox 902 2452 983 2516; x_wconf 91' lang='lat' dir='ltr'>ab</span> <span class='ocrx_word' id='word_1_247' title='bbox 1030 2454 1146 2532; x_wconf 89' lang='grc'>(90</span> <span class='ocrx_word' id='word_1_248' title='bbox 1194 2449 1402 2538; x_wconf 90' lang='lat' dir='ltr'>ann.):</span> <span class='ocrx_word' id='word_1_249' title='bbox 1451 2454 1515 2517; x_wconf 92' lang='lat' dir='ltr'>in</span> <span class='ocrx_word' id='word_1_250' title='bbox 1561 2454 1753 2519; x_wconf 90' lang='lat' dir='ltr'>Num.</span> <span class='ocrx_word' id='word_1_251' title='bbox 1789 2456 1894 2535; x_wconf 92' lang='grc'>26,</span> <span class='ocrx_word' id='word_1_252' title='bbox 1951 2455 2208 2518; x_wconf 90' lang='lat' dir='ltr'>1·‘sunt</span> <span class='ocrx_word' id='word_1_253' title='bbox 2254 2453 2455 2535; x_wconf 90' lang='lat' dir='ltr'>aliqui</span> <span class='ocrx_word' id='word_1_254' title='bbox 2510 2451 2880 2517; x_wconf 89' lang='lat' dir='ltr'>celsiores</span> 
     </span>
     <span class='ocr_line' id='line_1_24' title="bbox 317 2538 2882 2624; baseline -0 -19"><span class='ocrx_word' id='word_1_255' title='bbox 317 2541 413 2606; x_wconf 91' lang='lat' dir='ltr'>ab</span> <span class='ocrx_word' id='word_1_256' title='bbox 462 2542 540 2605; x_wconf 91' lang='lat' dir='ltr'>iis</span> <span class='ocrx_word' id='word_1_257' title='bbox 588 2542 700 2623; x_wconf 92' lang='lat' dir='ltr'>qui</span> <span class='ocrx_word' id='word_1_258' title='bbox 745 2559 994 2606; x_wconf 87' lang='lat' dir='ltr'>summa</span> <span class='ocrx_word' id='word_1_259' title='bbox 1038 2541 1421 2608; x_wconf 89' lang='lat' dir='ltr'>bellatorum</span> <span class='ocrx_word' id='word_1_260' title='bbox 1470 2542 1625 2608; x_wconf 88' lang='lat' dir='ltr'>dicti</span> <span class='ocrx_word' id='word_1_261' title='bbox 1672 2541 1868 2623; x_wconf 88' lang='lat' dir='ltr'>sunt’,</span> <span class='ocrx_word' id='word_1_262' title='bbox 1916 2542 2118 2623; x_wconf 89' lang='lat' dir='ltr'>princ.</span> <span class='ocrx_word' id='word_1_263' title='bbox 2151 2543 2200 2624; x_wconf 96' lang='lat' dir='ltr'>I,</span> <span class='ocrx_word' id='word_1_264' title='bbox 2243 2549 2296 2624; x_wconf 92' lang='grc'>1,</span> <span class='ocrx_word' id='word_1_265' title='bbox 2335 2548 2370 2606; x_wconf 88' lang='lat'>5</span> <span class='ocrx_word' id='word_1_266' title='bbox 2422 2540 2660 2606; x_wconf 89' lang='lat' dir='ltr'>‘multis</span> <span class='ocrx_word' id='word_1_267' title='bbox 2691 2538 2882 2619; x_wconf 86' lang='lat' dir='ltr'>longe</span> 
     </span>
     <span class='ocr_line' id='line_1_25' title="bbox 317 2628 2882 2715; baseline -0.001 -19"><span class='ocrx_word' id='word_1_268' title='bbox 317 2630 527 2696; x_wconf 83' lang='lat' dir='ltr'>modis</span> <span class='ocrx_word' id='word_1_269' title='bbox 573 2649 717 2695; x_wconf 91' lang='lat' dir='ltr'>eum</span> <span class='ocrx_word' id='word_1_270' title='bbox 764 2628 1027 2714; x_wconf 90' lang='lat' dir='ltr'>(Deum)</span> <span class='ocrx_word' id='word_1_271' title='bbox 1074 2632 1401 2699; x_wconf 90' lang='lat' dir='ltr'>meliorem</span> <span class='ocrx_word' id='word_1_272' title='bbox 1450 2651 1590 2698; x_wconf 88' lang='lat' dir='ltr'>esse</span> <span class='ocrx_word' id='word_1_273' title='bbox 1636 2631 1718 2697; x_wconf 87' lang='lat' dir='ltr'>ab</span> <span class='ocrx_word' id='word_1_274' title='bbox 1754 2651 1848 2711; x_wconf 92' lang='lat' dir='ltr'>eo,</span> <span class='ocrx_word' id='word_1_275' title='bbox 1899 2633 2070 2713; x_wconf 91' lang='lat' dir='ltr'>quod</span> <span class='ocrx_word' id='word_1_276' title='bbox 2101 2632 2438 2715; x_wconf 80' lang='lat' dir='ltr'>sensimuS,</span> <span class='ocrx_word' id='word_1_277' title='bbox 2488 2647 2748 2697; x_wconf 86' lang='lat' dir='ltr'>necesse</span> <span class='ocrx_word' id='word_1_278' title='bbox 2781 2633 2882 2695; x_wconf 87' lang='lat' dir='ltr'>est</span> 
     </span>
     <span class='ocr_line' id='line_1_26' title="bbox 317 2718 2880 2808; baseline -0.002 -22"><span class='ocrx_word' id='word_1_279' title='bbox 317 2718 535 2801; x_wconf 87' lang='lat' dir='ltr'>credi’‚</span> <span class='ocrx_word' id='word_1_280' title='bbox 595 2720 656 2785; x_wconf 93' lang='lat' dir='ltr'>in</span> <span class='ocrx_word' id='word_1_281' title='bbox 714 2720 871 2785; x_wconf 88' lang='lat' dir='ltr'>Leu.</span> <span class='ocrx_word' id='word_1_282' title='bbox 924 2727 1025 2802; x_wconf 88' lang='lat'>14,</span> <span class='ocrx_word' id='word_1_283' title='bbox 1084 2727 1145 2800; x_wconf 87' lang='lat'>4,</span> <span class='ocrx_word' id='word_1_284' title='bbox 1209 2740 1328 2803; x_wconf 90' lang='lat' dir='ltr'>pro</span> <span class='ocrx_word' id='word_1_285' title='bbox 1386 2722 1563 2802; x_wconf 84' lang='lat' dir='ltr'>orig.</span> <span class='ocrx_word' id='word_1_286' title='bbox 1610 2741 1673 2803; x_wconf 90' lang='lat' dir='ltr'>p.</span> <span class='ocrx_word' id='word_1_287' title='bbox 1726 2726 1846 2785; x_wconf 86' lang='lat'>321</span> <span class='ocrx_word' id='word_1_288' title='bbox 1901 2720 2003 2802; x_wconf 91' lang='lat' dir='ltr'>al.,</span> <span class='ocrx_word' id='word_1_289' title='bbox 2068 2722 2350 2803; x_wconf 89' lang='lat' dir='ltr'>compati</span> <span class='ocrx_word' id='word_1_290' title='bbox 2405 2719 2630 2808; x_wconf 88' lang='lat'>(120):</span> <span class='ocrx_word' id='word_1_291' title='bbox 2694 2718 2880 2784; x_wconf 84' lang='lat' dir='ltr'>utin</span> 
     </span>
     <span class='ocr_line' id='line_1_27' title="bbox 319 2808 2880 2892; baseline 0 -19"><span class='ocrx_word' id='word_1_292' title='bbox 319 2810 426 2873; x_wconf 85' lang='lat' dir='ltr'>Ps.</span> <span class='ocrx_word' id='word_1_293' title='bbox 478 2813 559 2872; x_wconf 91' lang='lat'>37</span> <span class='ocrx_word' id='word_1_294' title='bbox 609 2808 672 2874; x_wconf 92' lang='lat' dir='ltr'>h.</span> <span class='ocrx_word' id='word_1_295' title='bbox 722 2814 781 2889; x_wconf 90' lang='grc'>2,</span> <span class='ocrx_word' id='word_1_296' title='bbox 832 2814 891 2888; x_wconf 88' lang='grc'>6,</span> <span class='ocrx_word' id='word_1_297' title='bbox 958 2816 1429 2891; x_wconf 89' lang='lat' dir='ltr'>competenter:</span> <span class='ocrx_word' id='word_1_298' title='bbox 1492 2829 1690 2891; x_wconf 66' lang='lat' dir='ltr'>saep„</span> <span class='ocrx_word' id='word_1_299' title='bbox 1755 2816 1828 2876; x_wconf 92' lang='lat' dir='ltr'>ut</span> <span class='ocrx_word' id='word_1_300' title='bbox 1875 2810 1940 2874; x_wconf 90' lang='lat' dir='ltr'>in</span> <span class='ocrx_word' id='word_1_301' title='bbox 1989 2810 2172 2876; x_wconf 86' lang='lat' dir='ltr'>Rom.</span> <span class='ocrx_word' id='word_1_302' title='bbox 2224 2811 2296 2889; x_wconf 88' lang='lat' dir='ltr'>V,</span> <span class='ocrx_word' id='word_1_303' title='bbox 2349 2816 2410 2892; x_wconf 90' lang='lat'>4,</span> <span class='ocrx_word' id='word_1_304' title='bbox 2477 2808 2880 2890; x_wconf 83' lang='lat' dir='ltr'>compunctio</span> 
     </span>
     <span class='ocr_line' id='line_1_28' title="bbox 318 2896 2880 2984; baseline -0 -22"><span class='ocrx_word' id='word_1_305' title='bbox 318 2896 497 2984; x_wconf 90' lang='lat'>(10):</span> <span class='ocrx_word' id='word_1_306' title='bbox 560 2898 622 2962; x_wconf 91' lang='lat' dir='ltr'>in</span> <span class='ocrx_word' id='word_1_307' title='bbox 670 2897 856 2965; x_wconf 89' lang='lat' dir='ltr'>Rom.</span> <span class='ocrx_word' id='word_1_308' title='bbox 900 2899 1011 2980; x_wconf 93' lang='lat' dir='ltr'>IX,</span> <span class='ocrx_word' id='word_1_309' title='bbox 1066 2904 1101 2962; x_wconf 99' lang='grc'>2</span> <span class='ocrx_word' id='word_1_310' title='bbox 1162 2899 1714 2981; x_wconf 90' lang='lat' dir='ltr'>compunctionem</span> <span class='ocrx_word' id='word_1_311' title='bbox 1772 2898 1980 2964; x_wconf 91' lang='lat' dir='ltr'>cordis</span> <span class='ocrx_word' id='word_1_312' title='bbox 2036 2900 2324 2980; x_wconf 89' lang='lat' dir='ltr'>accipere</span> <span class='ocrx_word' id='word_1_313' title='bbox 2381 2898 2482 2978; x_wconf 91' lang='lat' dir='ltr'>al.,</span> <span class='ocrx_word' id='word_1_314' title='bbox 2542 2899 2880 2978; x_wconf 83' lang='lat' dir='ltr'>*compun-</span> 
     </span>
     <span class='ocr_line' id='line_1_29' title="bbox 316 2985 2877 3075; baseline -0.002 -22"><span class='ocrx_word' id='word_1_315' title='bbox 316 3005 471 3067; x_wconf 82' lang='lat' dir='ltr'>gere</span> <span class='ocrx_word' id='word_1_316' title='bbox 534 2985 712 3075; x_wconf 85' lang='lat' dir='ltr'>(ib.):</span> <span class='ocrx_word' id='word_1_317' title='bbox 775 2990 852 3051; x_wconf 88' lang='lat' dir='ltr'>ut</span> <span class='ocrx_word' id='word_1_318' title='bbox 905 2986 967 3053; x_wconf 86' lang='lat' dir='ltr'>h.</span> <span class='ocrx_word' id='word_1_319' title='bbox 1016 3006 1183 3053; x_wconf 91' lang='lat' dir='ltr'>mon.</span> <span class='ocrx_word' id='word_1_320' title='bbox 1240 2993 1317 3053; x_wconf 87' lang='lat'>19</span> <span class='ocrx_word' id='word_1_321' title='bbox 1377 3006 1441 3068; x_wconf 89' lang='lat' dir='ltr'>p.</span> <span class='ocrx_word' id='word_1_322' title='bbox 1500 2992 1641 3069; x_wconf 87' lang='lat'>183,</span> <span class='ocrx_word' id='word_1_323' title='bbox 1705 2986 2130 3053; x_wconf 90' lang='lat' dir='ltr'>conculcatio:</span> <span class='ocrx_word' id='word_1_324' title='bbox 2195 2988 2259 3051; x_wconf 92' lang='lat' dir='ltr'>in</span> <span class='ocrx_word' id='word_1_325' title='bbox 2315 2988 2475 3052; x_wconf 86' lang='lat' dir='ltr'>Jesu</span> <span class='ocrx_word' id='word_1_326' title='bbox 2529 2988 2609 3052; x_wconf 86' lang='lat' dir='ltr'>N.</span> <span class='ocrx_word' id='word_1_327' title='bbox 2661 2991 2766 3066; x_wconf 89' lang='lat'>21,</span> <span class='ocrx_word' id='word_1_328' title='bbox 2823 2989 2877 3065; x_wconf 95' lang='grc'>1,</span> 
     </span>
     <span class='ocr_line' id='line_1_30' title="bbox 318 3072 2878 3159; baseline -0.001 -19"><span class='ocrx_word' id='word_1_329' title='bbox 318 3076 833 3156; x_wconf 89' lang='lat' dir='ltr'>concupiscentia</span> <span class='ocrx_word' id='word_1_330' title='bbox 880 3076 1055 3159; x_wconf 89' lang='lat'>(44):</span> <span class='ocrx_word' id='word_1_331' title='bbox 1102 3080 1176 3141; x_wconf 91' lang='lat' dir='ltr'>ut</span> <span class='ocrx_word' id='word_1_332' title='bbox 1221 3076 1447 3141; x_wconf 87' lang='lat' dir='ltr'>bened.</span> <span class='ocrx_word' id='word_1_333' title='bbox 1498 3074 1574 3156; x_wconf 93' lang='grc' dir='ltr'>Π,</span> <span class='ocrx_word' id='word_1_334' title='bbox 1630 3082 1685 3155; x_wconf 95' lang='grc'>1,</span> <span class='ocrx_word' id='word_1_335' title='bbox 1736 3075 2214 3140; x_wconf 87' lang='lat' dir='ltr'>condemnatio:</span> <span class='ocrx_word' id='word_1_336' title='bbox 2260 3076 2322 3139; x_wconf 91' lang='lat' dir='ltr'>in</span> <span class='ocrx_word' id='word_1_337' title='bbox 2372 3074 2525 3141; x_wconf 88' lang='lat' dir='ltr'>Leu.</span> <span class='ocrx_word' id='word_1_338' title='bbox 2570 3080 2666 3154; x_wconf 87' lang='lat'>16,</span> <span class='ocrx_word' id='word_1_339' title='bbox 2706 3079 2733 3137; x_wconf 91' lang='lat'>1</span> <span class='ocrx_word' id='word_1_340' title='bbox 2776 3072 2878 3153; x_wconf 91' lang='lat' dir='ltr'>al.,</span> 
     </span>
     <span class='ocr_line' id='line_1_31' title="bbox 318 3161 2878 3246; baseline -0.002 -17"><span class='ocrx_word' id='word_1_341' title='bbox 318 3164 667 3231; x_wconf 78' lang='lat' dir='ltr'>*conditiot</span> <span class='ocrx_word' id='word_1_342' title='bbox 714 3165 915 3244; x_wconf 86' lang='lat' dir='ltr'>princ.</span> <span class='ocrx_word' id='word_1_343' title='bbox 965 3164 996 3227; x_wconf 94' lang='grc' dir='ltr'>Ι</span> <span class='ocrx_word' id='word_1_344' title='bbox 1041 3183 1138 3246; x_wconf 90' lang='lat' dir='ltr'>pr.</span> <span class='ocrx_word' id='word_1_345' title='bbox 1189 3170 1228 3227; x_wconf 90' lang='lat'>4</span> <span class='ocrx_word' id='word_1_346' title='bbox 1275 3164 1492 3229; x_wconf 89' lang='lat' dir='ltr'>mundi</span> <span class='ocrx_word' id='word_1_347' title='bbox 1537 3163 1642 3243; x_wconf 85' lang='lat' dir='ltr'>aL,</span> <span class='ocrx_word' id='word_1_348' title='bbox 1692 3163 1985 3227; x_wconf 90' lang='lat' dir='ltr'>conditor</span> <span class='ocrx_word' id='word_1_349' title='bbox 2017 3164 2194 3246; x_wconf 87' lang='lat'>(34):</span> <span class='ocrx_word' id='word_1_350' title='bbox 2240 3163 2306 3226; x_wconf 92' lang='lat' dir='ltr'>in</span> <span class='ocrx_word' id='word_1_351' title='bbox 2336 3163 2525 3228; x_wconf 90' lang='lat' dir='ltr'>Num.</span> <span class='ocrx_word' id='word_1_352' title='bbox 2567 3167 2667 3244; x_wconf 90' lang='lat'>14,</span> <span class='ocrx_word' id='word_1_353' title='bbox 2703 3167 2740 3225; x_wconf 89' lang='lat'>2</span> <span class='ocrx_word' id='word_1_354' title='bbox 2776 3161 2878 3239; x_wconf 88' lang='lat' dir='ltr'>al.,</span> 
     </span>
     <span class='ocr_line' id='line_1_32' title="bbox 320 3249 2874 3338; baseline -0.002 -19"><span class='ocrx_word' id='word_1_355' title='bbox 320 3253 653 3319; x_wconf 92' lang='lat' dir='ltr'>condolere</span> <span class='ocrx_word' id='word_1_356' title='bbox 709 3251 932 3338; x_wconf 85' lang='lat'>(105):</span> <span class='ocrx_word' id='word_1_357' title='bbox 993 3251 1055 3318; x_wconf 90' lang='lat' dir='ltr'>h.</span> <span class='ocrx_word' id='word_1_358' title='bbox 1106 3252 1255 3319; x_wconf 87' lang='lat' dir='ltr'>eccl.</span> <span class='ocrx_word' id='word_1_359' title='bbox 1303 3253 1411 3331; x_wconf 92' lang='lat' dir='ltr'>XI,</span> <span class='ocrx_word' id='word_1_360' title='bbox 1465 3258 1502 3317; x_wconf 87' lang='lat'>9</span> <span class='ocrx_word' id='word_1_361' title='bbox 1552 3252 1652 3328; x_wconf 88' lang='lat' dir='ltr'>al.,</span> <span class='ocrx_word' id='word_1_362' title='bbox 1720 3249 2172 3316; x_wconf 80' lang='lat' dir='ltr'>confoederare</span> <span class='ocrx_word' id='word_1_363' title='bbox 2229 3251 2448 3334; x_wconf 89' lang='lat'>(108):</span> <span class='ocrx_word' id='word_1_364' title='bbox 2509 3250 2572 3315; x_wconf 92' lang='lat' dir='ltr'>h.</span> <span class='ocrx_word' id='word_1_365' title='bbox 2621 3267 2789 3316; x_wconf 91' lang='lat' dir='ltr'>mon.</span> <span class='ocrx_word' id='word_1_366' title='bbox 2844 3255 2874 3314; x_wconf 96' lang='lat'>1</span> 
     </span>
     <span class='ocr_line' id='line_1_33' title="bbox 319 3337 2879 3428; baseline -0.003 -21"><span class='ocrx_word' id='word_1_367' title='bbox 319 3361 379 3423; x_wconf 89' lang='lat' dir='ltr'>p.</span> <span class='ocrx_word' id='word_1_368' title='bbox 438 3346 582 3424; x_wconf 91' lang='grc'>123,</span> <span class='ocrx_word' id='word_1_369' title='bbox 631 3340 993 3407; x_wconf 88' lang='lat' dir='ltr'>confortare</span> <span class='ocrx_word' id='word_1_370' title='bbox 1042 3340 1219 3428; x_wconf 86' lang='lat' dir='ltr'>(ib.):</span> <span class='ocrx_word' id='word_1_371' title='bbox 1269 3342 1335 3406; x_wconf 87' lang='lat' dir='ltr'>S.</span> <span class='ocrx_word' id='word_1_372' title='bbox 1367 3342 1429 3407; x_wconf 89' lang='lat' dir='ltr'>S.</span> <span class='ocrx_word' id='word_1_373' title='bbox 1480 3360 1581 3421; x_wconf 91' lang='lat' dir='ltr'>ap.</span> <span class='ocrx_word' id='word_1_374' title='bbox 1628 3340 1837 3407; x_wconf 87' lang='lat' dir='ltr'>Rufin.</span> <span class='ocrx_word' id='word_1_375' title='bbox 1889 3340 1953 3404; x_wconf 92' lang='lat' dir='ltr'>in</span> <span class='ocrx_word' id='word_1_376' title='bbox 2000 3340 2181 3406; x_wconf 88' lang='lat' dir='ltr'>Rom.</span> <span class='ocrx_word' id='word_1_377' title='bbox 2230 3340 2336 3420; x_wconf 92' lang='lat' dir='ltr'>IV,</span> <span class='ocrx_word' id='word_1_378' title='bbox 2389 3344 2426 3404; x_wconf 99' lang='grc'>6</span> <span class='ocrx_word' id='word_1_379' title='bbox 2475 3345 2543 3405; x_wconf 92' lang='lat' dir='ltr'>et</span> <span class='ocrx_word' id='word_1_380' title='bbox 2587 3340 2726 3421; x_wconf 89' lang='lat' dir='ltr'>ipse</span> <span class='ocrx_word' id='word_1_381' title='bbox 2775 3337 2879 3418; x_wconf 88' lang='lat' dir='ltr'>al.,</span> 
     </span>
     <span class='ocr_line' id='line_1_34' title="bbox 320 3426 2878 3513; baseline -0.001 -18"><span class='ocrx_word' id='word_1_382' title='bbox 320 3430 673 3495; x_wconf 87' lang='lat' dir='ltr'>confutatio</span> <span class='ocrx_word' id='word_1_383' title='bbox 723 3428 901 3513; x_wconf 87' lang='lat'>(22):</span> <span class='ocrx_word' id='word_1_384' title='bbox 963 3430 1026 3494; x_wconf 89' lang='lat' dir='ltr'>in</span> <span class='ocrx_word' id='word_1_385' title='bbox 1084 3431 1265 3496; x_wconf 93' lang='lat' dir='ltr'>Rom.</span> <span class='ocrx_word' id='word_1_386' title='bbox 1312 3430 1427 3511; x_wconf 88' lang='lat'>111,</span> <span class='ocrx_word' id='word_1_387' title='bbox 1478 3436 1515 3494; x_wconf 91' lang='grc'>6</span> <span class='ocrx_word' id='word_1_388' title='bbox 1574 3429 1675 3507; x_wconf 91' lang='lat' dir='ltr'>al.,</span> <span class='ocrx_word' id='word_1_389' title='bbox 1743 3429 2184 3494; x_wconf 89' lang='lat' dir='ltr'>conniuentia:</span> <span class='ocrx_word' id='word_1_390' title='bbox 2249 3430 2312 3493; x_wconf 89' lang='lat' dir='ltr'>in</span> <span class='ocrx_word' id='word_1_391' title='bbox 2363 3428 2524 3495; x_wconf 88' lang='lat' dir='ltr'>Gen.</span> <span class='ocrx_word' id='word_1_392' title='bbox 2575 3434 2640 3509; x_wconf 91' lang='lat'>6,</span> <span class='ocrx_word' id='word_1_393' title='bbox 2690 3432 2725 3491; x_wconf 92' lang='lat'><strong>3</strong></span> <span class='ocrx_word' id='word_1_394' title='bbox 2775 3426 2878 3508; x_wconf 90' lang='lat' dir='ltr'>al.,</span> 
     </span>
     <span class='ocr_line' id='line_1_35' title="bbox 320 3515 2877 3604; baseline -0.002 -20"><span class='ocrx_word' id='word_1_395' title='bbox 320 3520 768 3584; x_wconf 87' lang='lat' dir='ltr'>consacerdos:</span> <span class='ocrx_word' id='word_1_396' title='bbox 816 3518 877 3583; x_wconf 90' lang='lat' dir='ltr'>h.</span> <span class='ocrx_word' id='word_1_397' title='bbox 928 3517 1076 3585; x_wconf 91' lang='lat' dir='ltr'>eccl.</span> <span class='ocrx_word' id='word_1_398' title='bbox 1124 3519 1200 3595; x_wconf 87' lang='lat' dir='ltr'>X,</span> <span class='ocrx_word' id='word_1_399' title='bbox 1258 3525 1312 3598; x_wconf 95' lang='lat'>1,</span> <span class='ocrx_word' id='word_1_400' title='bbox 1363 3520 1818 3601; x_wconf 74' lang='lat' dir='ltr'>*consequen5,</span> <span class='ocrx_word' id='word_1_401' title='bbox 1867 3525 1998 3583; x_wconf 87' lang='lat' dir='ltr'>-ter</span> <span class='ocrx_word' id='word_1_402' title='bbox 2045 3515 2224 3604; x_wconf 88' lang='lat'>(43):</span> <span class='ocrx_word' id='word_1_403' title='bbox 2273 3523 2348 3585; x_wconf 93' lang='lat' dir='ltr'>ut</span> <span class='ocrx_word' id='word_1_404' title='bbox 2393 3518 2456 3583; x_wconf 89' lang='lat' dir='ltr'>in</span> <span class='ocrx_word' id='word_1_405' title='bbox 2506 3518 2661 3583; x_wconf 90' lang='lat' dir='ltr'>Leu.</span> <span class='ocrx_word' id='word_1_406' title='bbox 2697 3522 2758 3598; x_wconf 85' lang='lat'>5,</span> <span class='ocrx_word' id='word_1_407' title='bbox 2799 3520 2877 3597; x_wconf 90' lang='grc'>12</span> 
     </span>
     <span class='ocr_line' id='line_1_36' title="bbox 320 3604 2878 3689; baseline -0.001 -18"><span class='ocrx_word' id='word_1_408' title='bbox 320 3611 807 3687; x_wconf 83' lang='lat' dir='ltr'>‘consequenter</span> <span class='ocrx_word' id='word_1_409' title='bbox 862 3624 1034 3688; x_wconf 87' lang='lat' dir='ltr'>ergo,</span> <span class='ocrx_word' id='word_1_410' title='bbox 1096 3609 1150 3671; x_wconf 91' lang='lat' dir='ltr'>si</span> <span class='ocrx_word' id='word_1_411' title='bbox 1199 3608 1262 3673; x_wconf 93' lang='lat' dir='ltr'>id</span> <span class='ocrx_word' id='word_1_412' title='bbox 1310 3610 1483 3689; x_wconf 90' lang='lat' dir='ltr'>quod</span> <span class='ocrx_word' id='word_1_413' title='bbox 1528 3608 1921 3674; x_wconf 90' lang='lat' dir='ltr'>immundum</span> <span class='ocrx_word' id='word_1_414' title='bbox 1971 3613 2072 3672; x_wconf 86' lang='lat' dir='ltr'>est</span> <span class='ocrx_word' id='word_1_415' title='bbox 2119 3626 2448 3673; x_wconf 89' lang='lat' dir='ltr'>commune</span> <span class='ocrx_word' id='word_1_416' title='bbox 2496 3604 2878 3689; x_wconf 89' lang='lat' dir='ltr'>appellatur,</span> 
     </span>
     <span class='ocr_line' id='line_1_37' title="bbox 306 3694 2878 3779; baseline 0 -21"><span class='ocrx_word' id='word_1_417' title='bbox 306 3695 493 3777; x_wconf 85' lang='lat' dir='ltr'>quod</span> <span class='ocrx_word' id='word_1_418' title='bbox 540 3699 829 3758; x_wconf 88' lang='lat' dir='ltr'>sanctum</span> <span class='ocrx_word' id='word_1_419' title='bbox 878 3702 979 3761; x_wconf 87' lang='lat' dir='ltr'>est</span> <span class='ocrx_word' id='word_1_420' title='bbox 1025 3696 1458 3777; x_wconf 87' lang='lat' dir='ltr'>appellabitur</span> <span class='ocrx_word' id='word_1_421' title='bbox 1514 3696 1926 3779; x_wconf 87' lang='lat' dir='ltr'>separatum’,</span> <span class='ocrx_word' id='word_1_422' title='bbox 1990 3694 2513 3779; x_wconf 83' lang='lat' dir='ltr'>*consequentia,</span> <span class='ocrx_word' id='word_1_423' title='bbox 2575 3697 2640 3760; x_wconf 91' lang='lat' dir='ltr'>in</span> <span class='ocrx_word' id='word_1_424' title='bbox 2697 3695 2878 3759; x_wconf 90' lang='lat' dir='ltr'>Rom.</span> 
     </span>
     <span class='ocr_line' id='line_1_38' title="bbox 320 3782 2882 3872; baseline -0 -24"><span class='ocrx_word' id='word_1_425' title='bbox 320 3785 369 3867; x_wconf 92' lang='lat' dir='ltr'>I,</span> <span class='ocrx_word' id='word_1_426' title='bbox 428 3788 503 3847; x_wconf 90' lang='lat'>16</span> <span class='ocrx_word' id='word_1_427' title='bbox 571 3786 812 3846; x_wconf 87' lang='lat' dir='ltr'>‘notum</span> <span class='ocrx_word' id='word_1_428' title='bbox 861 3790 961 3849; x_wconf 89' lang='lat' dir='ltr'>est</span> <span class='ocrx_word' id='word_1_429' title='bbox 1018 3786 1134 3866; x_wconf 92' lang='lat' dir='ltr'>(sc.</span> <span class='ocrx_word' id='word_1_430' title='bbox 1182 3784 1582 3872; x_wconf 87' lang='lat' dir='ltr'>christianis)</span> <span class='ocrx_word' id='word_1_431' title='bbox 1642 3787 1766 3852; x_wconf 90' lang='lat' dir='ltr'>Dei</span> <span class='ocrx_word' id='word_1_432' title='bbox 1827 3786 1973 3866; x_wconf 87' lang='lat' dir='ltr'>hoc,</span> <span class='ocrx_word' id='word_1_433' title='bbox 2039 3786 2210 3868; x_wconf 92' lang='lat' dir='ltr'>quod</span> <span class='ocrx_word' id='word_1_434' title='bbox 2273 3803 2350 3850; x_wconf 86' lang='lat' dir='ltr'>ex</span> <span class='ocrx_word' id='word_1_435' title='bbox 2411 3784 2600 3850; x_wconf 83' lang='lat' dir='ltr'>huius</span> <span class='ocrx_word' id='word_1_436' title='bbox 2664 3782 2882 3848; x_wconf 89' lang='lat' dir='ltr'>mundi</span> 
     </span>
     <span class='ocr_line' id='line_1_39' title="bbox 323 3871 2879 3957; baseline -0 -18"><span class='ocrx_word' id='word_1_437' title='bbox 323 3871 801 3956; x_wconf 88' lang='lat' dir='ltr'>consequentiis</span> <span class='ocrx_word' id='word_1_438' title='bbox 846 3872 951 3936; x_wconf 88' lang='lat' dir='ltr'>uel</span> <span class='ocrx_word' id='word_1_439' title='bbox 997 3873 1357 3940; x_wconf 90' lang='lat' dir='ltr'>rationibus</span> <span class='ocrx_word' id='word_1_440' title='bbox 1412 3876 1671 3957; x_wconf 86' lang='lat' dir='ltr'>assequi</span> <span class='ocrx_word' id='word_1_441' title='bbox 1726 3872 2040 3955; x_wconf 91' lang='lat' dir='ltr'>possunt’,</span> <span class='ocrx_word' id='word_1_442' title='bbox 2102 3872 2216 3956; x_wconf 95' lang='lat' dir='ltr'>III,</span> <span class='ocrx_word' id='word_1_443' title='bbox 2275 3879 2328 3952; x_wconf 96' lang='lat'>1,</span> <span class='ocrx_word' id='word_1_444' title='bbox 2393 3873 2499 3954; x_wconf 87' lang='lat' dir='ltr'>Vl,</span> <span class='ocrx_word' id='word_1_445' title='bbox 2552 3879 2612 3955; x_wconf 91' lang='lat'>7,</span> <span class='ocrx_word' id='word_1_446' title='bbox 2676 3873 2879 3955; x_wconf 87' lang='lat' dir='ltr'>princ.</span> 
     </span>
     <span class='ocr_line' id='line_1_40' title="bbox 322 3960 2881 4045; baseline 0.001 -20"><span class='ocrx_word' id='word_1_447' title='bbox 322 3962 371 4042; x_wconf 93' lang='grc' dir='ltr'>Ι,</span> <span class='ocrx_word' id='word_1_448' title='bbox 408 3970 465 4043; x_wconf 90' lang='grc'>5,</span> <span class='ocrx_word' id='word_1_449' title='bbox 502 3969 537 4027; x_wconf 87' lang='lat'><strong>3</strong></span> <span class='ocrx_word' id='word_1_450' title='bbox 592 3960 827 4027; x_wconf 86' lang='lat' dir='ltr'>‘eadem</span> <span class='ocrx_word' id='word_1_451' title='bbox 880 3962 957 4026; x_wconf 90' lang='lat' dir='ltr'>de</span> <span class='ocrx_word' id='word_1_452' title='bbox 1006 3963 1453 4043; x_wconf 88' lang='lat' dir='ltr'>spiritualibus</span> <span class='ocrx_word' id='word_1_453' title='bbox 1500 3965 1825 4045; x_wconf 90' lang='lat' dir='ltr'>nequitiae</span> <span class='ocrx_word' id='word_1_454' title='bbox 1851 3962 2426 4044; x_wconf 85' lang='lat' dir='ltr'>..consequentiae</span> <span class='ocrx_word' id='word_1_455' title='bbox 2473 3964 2678 4043; x_wconf 87' lang='lat' dir='ltr'>ipsius</span> <span class='ocrx_word' id='word_1_456' title='bbox 2709 3962 2881 4027; x_wconf 86' lang='lat' dir='ltr'>ratio</span> 
     </span>
     <span class='ocr_line' id='line_1_41' title="bbox 326 4047 2883 4138; baseline 0.001 -25"><span class='ocrx_word' id='word_1_457' title='bbox 326 4058 509 4130; x_wconf 86' lang='lat' dir='ltr'>coget</span> <span class='ocrx_word' id='word_1_458' title='bbox 554 4048 862 4130; x_wconf 86' lang='lat' dir='ltr'>intellegi’</span> <span class='ocrx_word' id='word_1_459' title='bbox 911 4049 1013 4131; x_wconf 92' lang='lat' dir='ltr'>al.,</span> <span class='ocrx_word' id='word_1_460' title='bbox 1062 4048 1145 4116; x_wconf 90' lang='lat' dir='ltr'>al.</span> <span class='ocrx_word' id='word_1_461' title='bbox 1192 4056 1424 4138; x_wconf 83' lang='lat' dir='ltr'>(prope</span> <span class='ocrx_word' id='word_1_462' title='bbox 1471 4050 2052 4135; x_wconf 86' lang='lat' dir='ltr'>Zusammenhang)</span> <span class='ocrx_word' id='word_1_463' title='bbox 2100 4051 2185 4115; x_wconf 92' lang='lat' dir='ltr'>ib.</span> <span class='ocrx_word' id='word_1_464' title='bbox 2220 4047 2297 4132; x_wconf 89' lang='lat'>11,</span> <span class='ocrx_word' id='word_1_465' title='bbox 2353 4055 2452 4132; x_wconf 90' lang='grc'>10,</span> <span class='ocrx_word' id='word_1_466' title='bbox 2511 4056 2538 4115; x_wconf 95' lang='lat'>1</span> <span class='ocrx_word' id='word_1_467' title='bbox 2593 4054 2883 4134; x_wconf 88' lang='lat' dir='ltr'>‘propter</span> 
     </span>
     <span class='ocr_line' id='line_1_42' title="bbox 324 4138 2880 4223; baseline 0.001 -22"><span class='ocrx_word' id='word_1_468' title='bbox 324 4141 839 4221; x_wconf 87' lang='lat' dir='ltr'>consequentiam</span> <span class='ocrx_word' id='word_1_469' title='bbox 888 4143 1207 4205; x_wconf 90' lang='lat' dir='ltr'>tractatus</span> <span class='ocrx_word' id='word_1_470' title='bbox 1253 4160 1456 4223; x_wconf 86' lang='lat' dir='ltr'>pauca</span> <span class='ocrx_word' id='word_1_471' title='bbox 1500 4142 1648 4207; x_wconf 90' lang='lat' dir='ltr'>inde</span> <span class='ocrx_word' id='word_1_472' title='bbox 1694 4144 1992 4223; x_wconf 86' lang='lat' dir='ltr'>repetere</span> <span class='ocrx_word' id='word_1_473' title='bbox 2039 4158 2163 4205; x_wconf 91' lang='lat' dir='ltr'>non</span> <span class='ocrx_word' id='word_1_474' title='bbox 2199 4140 2458 4206; x_wconf 88' lang='lat' dir='ltr'>uidetur</span> <span class='ocrx_word' id='word_1_475' title='bbox 2488 4138 2880 4222; x_wconf 87' lang='lat' dir='ltr'>absurdum’,</span> 
     </span>
     <span class='ocr_line' id='line_1_43' title="bbox 324 4228 2882 4311; baseline 0 -18"><span class='ocrx_word' id='word_1_476' title='bbox 324 4230 772 4307; x_wconf 60' lang='lat' dir='ltr'>*consignarez</span> <span class='ocrx_word' id='word_1_477' title='bbox 835 4230 897 4295; x_wconf 91' lang='lat' dir='ltr'>h.</span> <span class='ocrx_word' id='word_1_478' title='bbox 946 4247 1115 4295; x_wconf 88' lang='lat' dir='ltr'>mon.</span> <span class='ocrx_word' id='word_1_479' title='bbox 1166 4235 1202 4293; x_wconf 90' lang='lat'>9</span> <span class='ocrx_word' id='word_1_480' title='bbox 1253 4250 1312 4311; x_wconf 86' lang='lat' dir='ltr'>p.</span> <span class='ocrx_word' id='word_1_481' title='bbox 1369 4235 1489 4295; x_wconf 86' lang='lat'>165</span> <span class='ocrx_word' id='word_1_482' title='bbox 1558 4231 1639 4294; x_wconf 87' lang='lat' dir='ltr'>‘in</span> <span class='ocrx_word' id='word_1_483' title='bbox 1700 4230 1956 4296; x_wconf 91' lang='lat' dir='ltr'>nomine</span> <span class='ocrx_word' id='word_1_484' title='bbox 2015 4228 2259 4293; x_wconf 88' lang='lat' dir='ltr'>Christi</span> <span class='ocrx_word' id='word_1_485' title='bbox 2317 4230 2694 4309; x_wconf 85' lang='lat' dir='ltr'>consignans</span> <span class='ocrx_word' id='word_1_486' title='bbox 2751 4246 2882 4293; x_wconf 91' lang='lat' dir='ltr'>me-</span> 
     </span>
     <span class='ocr_line' id='line_1_44' title="bbox 323 4316 2880 4405; baseline 0 -24"><span class='ocrx_word' id='word_1_487' title='bbox 323 4316 685 4397; x_wconf 87' lang='lat' dir='ltr'>metipsum’</span> <span class='ocrx_word' id='word_1_488' title='bbox 735 4318 840 4400; x_wconf 80' lang='lat' dir='ltr'>aL,</span> <span class='ocrx_word' id='word_1_489' title='bbox 890 4318 1254 4383; x_wconf 89' lang='lat' dir='ltr'>consolator</span> <span class='ocrx_word' id='word_1_490' title='bbox 1296 4317 1474 4405; x_wconf 84' lang='lat'>(34):</span> <span class='ocrx_word' id='word_1_491' title='bbox 1530 4319 1731 4399; x_wconf 90' lang='lat' dir='ltr'>princ.</span> <span class='ocrx_word' id='word_1_492' title='bbox 1778 4317 1860 4400; x_wconf 90' lang='lat' dir='ltr'>H,</span> <span class='ocrx_word' id='word_1_493' title='bbox 1912 4324 1972 4401; x_wconf 91' lang='lat'>7,</span> <span class='ocrx_word' id='word_1_494' title='bbox 2023 4322 2082 4397; x_wconf 92' lang='lat'>4,</span> <span class='ocrx_word' id='word_1_495' title='bbox 2139 4318 2622 4383; x_wconf 63' lang='lat' dir='ltr'>4*consonantiaz</span> <span class='ocrx_word' id='word_1_496' title='bbox 2677 4318 2880 4398; x_wconf 90' lang='lat' dir='ltr'>princ.</span> 
     </span>
     <span class='ocr_line' id='line_1_45' title="bbox 324 4403 2879 4492; baseline 0 -24"><span class='ocrx_word' id='word_1_497' title='bbox 324 4404 402 4487; x_wconf 89' lang='lat'>11,</span> <span class='ocrx_word' id='word_1_498' title='bbox 460 4410 515 4486; x_wconf 94' lang='lat'>1,</span> <span class='ocrx_word' id='word_1_499' title='bbox 567 4410 601 4467; x_wconf 92' lang='grc'>2</span> <span class='ocrx_word' id='word_1_500' title='bbox 654 4406 735 4471; x_wconf 90' lang='lat' dir='ltr'>ad</span> <span class='ocrx_word' id='word_1_501' title='bbox 779 4408 971 4472; x_wconf 90' lang='lat' dir='ltr'>unius</span> <span class='ocrx_word' id='word_1_502' title='bbox 1017 4408 1238 4472; x_wconf 89' lang='lat' dir='ltr'>mundi</span> <span class='ocrx_word' id='word_1_503' title='bbox 1294 4408 1794 4488; x_wconf 81' lang='lat' dir='ltr'>consonantiam,</span> <span class='ocrx_word' id='word_1_504' title='bbox 1854 4424 2202 4473; x_wconf 88' lang='lat' dir='ltr'>consonare</span> <span class='ocrx_word' id='word_1_505' title='bbox 2260 4405 2450 4492; x_wconf 88' lang='lat'>(127)</span> <span class='ocrx_word' id='word_1_506' title='bbox 2497 4407 2636 4471; x_wconf 87' lang='lat' dir='ltr'>sim.</span> <span class='ocrx_word' id='word_1_507' title='bbox 2685 4403 2767 4485; x_wconf 91' lang='lat'>11,</span> <span class='ocrx_word' id='word_1_508' title='bbox 2817 4410 2879 4486; x_wconf 87' lang='lat'>4,</span> 
     </span>
     <span class='ocr_line' id='line_1_46' title="bbox 334 4494 2879 4583; baseline 0 -25"><span class='ocrx_word' id='word_1_509' title='bbox 334 4500 360 4558; x_wconf 96' lang='grc'>1</span> <span class='ocrx_word' id='word_1_510' title='bbox 415 4494 515 4572; x_wconf 87' lang='lat' dir='ltr'>al.,</span> <span class='ocrx_word' id='word_1_511' title='bbox 580 4512 893 4561; x_wconf 87' lang='lat' dir='ltr'>consonus</span> <span class='ocrx_word' id='word_1_512' title='bbox 948 4494 1130 4583; x_wconf 84' lang='lat'>(76):</span> <span class='ocrx_word' id='word_1_513' title='bbox 1196 4501 1269 4561; x_wconf 87' lang='lat' dir='ltr'>ut</span> <span class='ocrx_word' id='word_1_514' title='bbox 1313 4516 1431 4578; x_wconf 91' lang='lat' dir='ltr'>pro</span> <span class='ocrx_word' id='word_1_515' title='bbox 1479 4497 1654 4577; x_wconf 85' lang='lat' dir='ltr'>Orig.</span> <span class='ocrx_word' id='word_1_516' title='bbox 1705 4517 1768 4578; x_wconf 88' lang='lat' dir='ltr'>p.</span> <span class='ocrx_word' id='word_1_517' title='bbox 1819 4502 1943 4561; x_wconf 83' lang='lat'>385</span> <span class='ocrx_word' id='word_1_518' title='bbox 1995 4512 2305 4561; x_wconf 91' lang='lat' dir='ltr'>consonas</span> <span class='ocrx_word' id='word_1_519' title='bbox 2354 4494 2452 4561; x_wconf 89' lang='lat' dir='ltr'>his</span> <span class='ocrx_word' id='word_1_520' title='bbox 2501 4494 2879 4576; x_wconf 79' lang='lat' dir='ltr'>sententiaS,</span> 
     </span>
     <span class='ocr_line' id='line_1_47' title="bbox 324 4582 2879 4669; baseline -0.001 -20"><span class='ocrx_word' id='word_1_521' title='bbox 324 4582 773 4664; x_wconf 87' lang='lat' dir='ltr'>conspicabilis</span> <span class='ocrx_word' id='word_1_522' title='bbox 829 4582 1006 4669; x_wconf 84' lang='lat'>(62):</span> <span class='ocrx_word' id='word_1_523' title='bbox 1068 4585 1270 4667; x_wconf 88' lang='lat' dir='ltr'>princ.</span> <span class='ocrx_word' id='word_1_524' title='bbox 1318 4586 1427 4669; x_wconf 94' lang='lat' dir='ltr'>IV,</span> <span class='ocrx_word' id='word_1_525' title='bbox 1492 4592 1547 4667; x_wconf 94' lang='lat'>1,</span> <span class='ocrx_word' id='word_1_526' title='bbox 1608 4592 1712 4667; x_wconf 86' lang='lat'>27,</span> <span class='ocrx_word' id='word_1_527' title='bbox 1777 4584 2192 4666; x_wconf 86' lang='lat' dir='ltr'>constipatio:</span> <span class='ocrx_word' id='word_1_528' title='bbox 2256 4584 2320 4648; x_wconf 93' lang='lat' dir='ltr'>in</span> <span class='ocrx_word' id='word_1_529' title='bbox 2378 4584 2568 4649; x_wconf 92' lang='lat' dir='ltr'>Num.</span> <span class='ocrx_word' id='word_1_530' title='bbox 2619 4586 2879 4665; x_wconf 85' lang='lat'>27,·12,</span> 
     </span>
     <span class='ocr_line' id='line_1_48' title="bbox 322 4670 2878 4761; baseline -0.002 -20"><span class='ocrx_word' id='word_1_531' title='bbox 322 4672 825 4741; x_wconf 56' lang='lat' dir='ltr'>*consummatio</span> <span class='ocrx_word' id='word_1_532' title='bbox 871 4670 1048 4761; x_wconf 87' lang='lat'>(21):</span> <span class='ocrx_word' id='word_1_533' title='bbox 1096 4674 1161 4740; x_wconf 90' lang='lat' dir='ltr'>in</span> <span class='ocrx_word' id='word_1_534' title='bbox 1208 4674 1363 4742; x_wconf 91' lang='lat' dir='ltr'>Leu.</span> <span class='ocrx_word' id='word_1_535' title='bbox 1422 4680 1519 4759; x_wconf 87' lang='lat'>13,</span> <span class='ocrx_word' id='word_1_536' title='bbox 1572 4680 1607 4739; x_wconf 89' lang='lat'>2</span> <span class='ocrx_word' id='word_1_537' title='bbox 1658 4692 1860 4757; x_wconf 90' lang='lat' dir='ltr'>usque</span> <span class='ocrx_word' id='word_1_538' title='bbox 1907 4674 1989 4741; x_wconf 91' lang='lat' dir='ltr'>ad</span> <span class='ocrx_word' id='word_1_539' title='bbox 2033 4672 2642 4741; x_wconf 90' lang='lat' dir='ltr'>consummationem</span> <span class='ocrx_word' id='word_1_540' title='bbox 2681 4670 2878 4739; x_wconf 83' lang='lat' dir='ltr'>seculi</span> 
     </span>
    </p>
   </div>
  </div>
 </body>
</html>
