3409 5300
1758 446 1841 510 28

527 666 639 733 est
675 649 943 749 'litm‘a3
1011 677 1215 752 quam
1274 659 1546 733 leuistis
1578 714 1593 729 .
1631 659 1735 730 εἰ»
1812 660 2215 751 (respiciens
2282 657 2407 732 Ez.
2465 659 2511 732 l.
2564 658 2656 729 l.:
2728 659 3077 736 destruam

525 779 890 870 parietem,
936 798 1136 869 quem
1189 779 1458 853 leuistis
1505 780 1765 870 absque
1812 776 2405 870 temperamento).

706 914 774 982 S.
821 913 922 980 ἃς
966 912 1252 983 fixura
1293 911 1584 1002 (Ambr.)
1637 916 1700 981 in
1750 915 1905 982 Luc.
1952 915 2013 980 h.
2072 919 2146 980 17
2206 914 2529 980 clauorum
2586 914 2691 995 aL,
2739 915 3083 997 *pressura

527 1003 828 1070 transl.
876 1003 1114 1086 (Lact.)
1161 1003 1227 1071 in
1273 1003 1356 1069 Is.
1409 1003 1560 1070 VIII
1608 1004 1690 1069 ad
1739 1010 1844 1088 24,
1898 1009 1974 1070 13
2023 1003 2366 1070 uehemens
2414 1003 2751 1084 iustorum,
2798 1004 2863 1068 in
2911 1004 3080 1082 Eph.

525 1091 588 1156 ΙΙ
633 1091 714 1156 ad
764 1097 822 1173 3,
878 1095 954 1156 13
1005 1092 1155 1174 aliq.
1204 1097 1269 1157 et
1313 1091 1531 1173 al.;—
1575 1091 1722 1178 pA:
1770 1098 2075 1174 apertura
2120 1094 2184 1156 in
2226 1092 2413 1157 Zach.
2445 1090 2475 1156 I
2508 1093 2589 1158 ad
2623 1097 2681 1173 3,
2727 1099 2832 1174 lo,
2868 1091 3080 1171 Vulg.,

526 1199 752 1246 rasura
797 1197 991 1262 saep„
1042 1187 1115 1246 ut
1157 1180 1223 1245 in
1273 1179 1464 1248 Zach.
1513 1179 1607 1246 111
1653 1181 1734 1246 ad
1788 1186 1888 1262 12,
1932 1185 1955 1244 1
2014 1183 2125 1260 ‘ut‚
2177 1181 2325 1246 dum
2356 1180 2631 1262 leuatur,
2664 1181 3081 1261 grauissimus

525 1267 692 1350 lapis
737 1270 1078 1336 scissuram
1123 1268 1402 1351 aliquam
1451 1269 1554 1336 uel
1601 1289 1894 1336 rasuram
1943 1270 2007 1334 in
2064 1269 2416 1336 leuantium
2472 1270 2847 1350 corporibus
2902 1271 3081 1336 dere-

525 1357 792 1440 linquat'
839 1354 954 1444 (3*
1000 1375 1065 1437 p.
1119 1363 1219 1437 15,
1269 1357 1477 1424 Scrut.
1525 1378 1588 1440 p.
1641 1356 1787 1444 23);
1835 1391 1922 1404 -
1960 1379 2040 1440 p:
2098 1377 2292 1424 canor
2348 1377 2449 1442 ep.
2499 1363 2603 1438 60,
2663 1365 2717 1440 1,
2777 1359 3083 1438 *languor

527 1465 644 1528 pro
691 1446 1054 1528 aegrotatio
1101 1446 1248 1530 (HA
1297 1465 1360 1527 p.
1401 1450 1545 1527 121,
1595 1445 1730 1513 Scr.
1778 1467 1841 1530 p.
1883 1449 2015 1529 44),
2065 1453 2140 1512 ut
2184 1448 2249 1512 in
2296 1447 2382 1514 Is.
2416 1445 2510 1512 XI
2540 1447 2620 1512 ad
2656 1451 2758 1529 38,
2802 1453 2876 1511 15
2912 1465 3085 1512 mors

528 1535 860 1601 imminens
909 1540 976 1600 et
1019 1533 1345 1615 languoris
1392 1535 1762 1602 incumbens
1811 1535 2011 1618 dolor,
2058 1554 2119 1599 u.
2153 1535 2463 1602 Hilarion.
2499 1541 2578 1601 29
2630 1535 2905 1601 diuersis
2952 1535 3083 1599 lan-

527 1623 834 1704 guoribus
882 1629 1241 1705 occupatoS‚
1292 1642 1343 1690 c.
1391 1623 1620 1690 Joann'.
1670 1629 1750 1688 37
1802 1630 1868 1690 et
1914 1643 2111 1705 saep„
2162 1625 2224 1689 in
2274 1643 2369 1706 ps,
2410 1629 2507 1702 16,
2559 1629 2624 1688 et
2656 1623 2919 1704 perinde
2950 1623 3083 1687 lan-

526 1730 722 1793 guere
770 1729 904 1794 reg.
955 1712 1148 1778 Pach.
1197 1717 1275 1776 41
1332 1713 1444 1778 ‘si.
1469 1712 1743 1794 ‚aliquis
1788 1712 2151 1794 languerit-7,
2200 1712 2538 1794 languidus
2583 1711 2671 1780 ib.
2720 1717 2821 1789 42,
2858 1715 2970 1794 463
2997 1749 3085 1760 --

526 1822 600 1865 u:
644 1806 845 1882 putor
889 1801 1110 1884 (App.,
1159 1801 1349 1884 Arn.)
1395 1801 1456 1866 in
1504 1801 1622 1866 Ez.
1670 1799 1761 1866 IV
1807 1802 1889 1867 ad
1942 1807 2043 1882 16,
2093 1807 2133 1866 4
2181 1820 2299 1882 sq.‚
2349 1819 2447 1882 ep.
2502 1804 2645 1878 109,
2686 1804 2713 1863 1
2765 1800 2868 1881 al„
2916 1800 3082 1878 Aug.

529 1908 581 1956 c.
628 1889 756 1955 Jul.
803 1889 912 1971 IV,
968 1894 1068 1969 14,
1119 1894 1224 1971 66,
1271 1889 1632 1971 *scriptura
1675 1896 1935 1972 meton.,
1984 1895 2059 1955 at
2107 1889 2475 1970 Scripturae
2520 1887 2793 1954 Sanctae
2839 1905 2939 1970 ep.
2976 1895 3081 1970 54,

535 1983 606 2042 11
671 1983 738 2044 et
799 1978 1059 2062 passim,
1123 1978 1354 2046 *sudor
1415 1983 1651 2045 meten.
1712 1998 1907 2061 saep.,
1972 1984 2045 2045 ut
2100 1998 2163 2043 u.
2211 1977 2335 2042 Hil.
2389 1980 2462 2042 31
2528 1976 2713 2044 ‘hanc
2772 1977 3080 2059 piscinam

529 2066 728 2132 multo
791 2066 1023 2133 sudore
1085 2067 1153 2150 (i.
1209 2064 1460 2154 labore)
1521 2065 1873 2134 fabricatus
1936 2065 2075 2146 est’,
2142 2084 2239 2147 ep.
2291 2071 2396 2146 24,
2459 2069 2494 2130 3
2560 2066 3082 2149 ‘quae..sudore

527 2155 788 2236 proprio
853 2153 1076 2237 elegit,
1131 2155 1424 2237 arripuit,
1490 2156 1721 2222 tenuit’
1784 2155 1885 2235 aL,
1949 2156 2229 2235 itemque
2291 2153 2541 2234 sudare,
2608 2161 2681 2222 ut
2738 2173 2835 2236 ep.
2887 2160 2992 2236 27,
3047 2160 3072 2219 1

530 2244 768 2325 ‘uerba,
818 2244 880 2311 in
926 2243 1160 2326 quibus
1208 2249 1533 2310 tantorum
1580 2245 1841 2325 ingenia
1895 2243 2307 2326 sudauerunt,
2372 2248 2445 2308 ut
2488 2243 2804 2310 rationem
2867 2244 3082 2307 unius—

528 2333 833 2415 cuiusque
880 2333 1064 2398 uerbi
1111 2333 1318 2414 magis
1374 2334 1618 2415 opinati
1675 2334 1826 2416 sint,
1891 2350 2081 2414 quam
2135 2333 2613 2414 expresserint’,
2672 2332 2819 2399 adu.
2866 2332 3081 2399 Jouin.

529 2419 578 2503 I,
630 2427 712 2485 27
761 2420 861 2501 al.,
911 2421 1244 2504 desudare,
1302 2427 1376 2487 ut
1421 2423 1565 2488 adu.
1615 2422 1831 2487 Jouin.
1878 2420 1927 2502 Ι,
1980 2424 2059 2484 23
2121 2421 2253 2503 ‘qui
2308 2422 2442 2487 sine
2497 2421 2737 2488 laboris
2794 2421 3082 2502 praemio

529 2510 1044 2591 desudauerunt',
1093 2511 1238 2577 adu.
1285 2509 1537 2577 Heluid.
1590 2517 1625 2576 5
1675 2509 1755 2574 al.
2202 2507 2207 2512 ’

703 2635 1000 2709 Nomina
1051 2635 1441 2710 deriuatiua
1491 2635 1802 2711 uerbalia
1856 2637 1925 2709 in
1979 2660 2140 2710 -ura
2174 2661 2391 2712 recc.
2433 2639 2716 2710 collecta
2750 2635 3081 2707 habemus

535 2762 703 2848 149,
759 2780 1046 2849 quorum
1112 2752 1216 2836 ¹119
1275 2765 1544 2831 tantum
1583 2758 2165 2849 Hieronymianae
2218 2780 2367 2831 esse
2422 2754 2866 2847 supellectilis
2904 2753 3080 2826 uidi-

530 2899 703 2967 muS,
754 2901 904 2951 cum
954 2878 1212 2970 alioqui
1255 2879 1440 2951 haud
1489 2899 1648 2950 raro
1701 2886 1937 2951 noster
1991 2881 2119 2949 hoc
2166 2879 2249 2951 de
2303 2898 2552 2967 genere
2605 2896 2767 2945 usus
2821 2875 2913 2944 sit
2960 2895 3081 2944 uo-

531 2999 744 3070 cibus.
853 2998 1079 3071 Alteri
1133 3000 1237 3070 illi
1289 2998 1546 3090 generi·
1589 3001 1985 3072 exeuntium
2050 3001 2120 3069 in
2178 3019 2311 3084 -or,
2384 3016 2673 3085 quorum
2740 2989 3081 3083 regularis

530 3126 637 3191 est
683 3120 769 3191 ab
818 3119 1157 3192 infinitiuo
1203 3120 1400 3191 uerbi
1453 3117 1553 3199 (et
1599 3120 1967 3208 praecipue
2004 3116 2277 3207 quidem
2318 3120 2357 3187 2
2401 3110 2698 3200 coniug.)
2734 3111 3078 3202 figuratio,

531 3242 803 3311 omnino
856 3240 1222 3313 recentiori
1291 3245 1519 3311 aetate
1577 3238 1942 3312 accessisse
2013 3236 2338 3307 uidentur
2417 3253 2681 3325 pauca,
2746 3240 2825 3304 ut
2898 3237 3079 3319 sunt,

531 3366 809 3452 praeter
859 3359 981 3433 illa
1031 3359 1190 3447 tria,
1245 3381 1290 3432 a
1337 3359 1532 3431 uerb.
1590 3363 1630 3429 2
1688 3359 1863 3429 coni.
1918 3358 2185 3443 flaccor,
2232 3354 2513 3427 frendor
2564 3350 2916 3436 (nimirum
2966 3372 3081 3422 ex-

533 3486 673 3552 stat
719 3480 1038 3552 frendere
1091 3484 1134 3549 2
1192 3480 1400 3568 coni.)
1452 3478 1664 3565 Tert.‚
1720 3477 1943 3548 Lucis.
2000 3496 2127 3566 pro
2164 3474 2420 3546 Athan.
2461 3474 2494 3545 I
2547 3494 2615 3562 p.
2659 3475 2806 3543 854
2856 3472 2956 3541 Μ.
3014 3477 3085 3541 et

533 3620 743 3691 saep„
791 3600 966 3689 Veg.
1024 3621 1118 3689 u.,
1167 3598 1550 3685 Ps.-Fulg.,
1596 3596 1819 3685 frigor
1866 3596 1991 3667 Th.
2040 3594 2282 3684 Prisc.,
2338 3594 2546 3683 Aug,
2601 3593 2835 3683 placor
2870 3590 3079 3678 Vulg.

533 3719 772 3809 Sirac.,
829 3728 1079 3807 tor-ror,
1134 3726 1293 3792 tuor
1346 3717 1552 3807 App.,
1607 3723 1876 3807 turgor,
1932 3715 2130 3787 ualor
2183 3715 2300 3803 gl.,
2360 3755 2448 3764 -—
2511 3716 2551 3785 3
2609 3713 2781 3783 coni.
2837 3710 3085 3798 ningor

534 3840 742 3931 App.,
796 3839 1008 3910 rudor
1056 3838 1263 3930 App.,
1318 3836 1571 3910 tundor
1628 3835 1837 3926 App.,
1875 3878 1978 3886 —
2038 3840 2069 3905 1
2131 3836 2305 3905 coni.
2361 3855 2623 3925 crepor,
2678 3832 2946 3917 turbor,
2989 3869 3076 3879 ——

532 3959 796 4031 denom.
845 3978 1066 4045 acror,
1123 3958 1370 4045 faecor,
1422 3955 1688 4045 frigdor
1742 3956 1833 4043 gl.
1890 3951 2254 4037 (froideur)
2277 3950 2343 4033 *)

537 4125 606 4134 --

712 4219 768 4286 *)
807 4217 1014 4287 Operae
1049 4217 1278 4285 pretium
1316 4215 1597 4271 uidebatur
1635 4219 1795 4269 uett.
1834 4230 2045 4285 quoque
2081 4214 2324 4283 exempla
2358 4212 2639 4267 subindere
2677 4211 2745 4265 ad
2781 4208 3086 4277 originatio—

533 4309 618 4363 nis
644 4306 899 4363 rationem
930 4304 1148 4373 digesta.
1196 4304 1329 4359 Sunt
1353 4303 1515 4373 igitur
1539 4320 1574 4359 a
1601 4302 1777 4359 uerbis
1812 4294 2145 4359 secundae
2180 4301 2566 4371 coniugationis
2600 4316 2729 4353 acor
2755 4299 2860 4367 ΡΑ,
2900 4314 3089 4365 aegror

535 4397 684 4464 Aoo„
711 4395 869 4451 Lucr.
895 4395 1177 4462 (aegrene),
1215 4393 1365 4449 albor
1389 4394 1578 4462 Scrib.,
1615 4410 1771 4464 rece„
1808 4394 1981 4462 algor,
2022 4394 2184 4460 calor,
2224 4391 2441 4457 candor,
2482 4390 2659 4443 claror
2684 4389 2875 4457 Plaut.,
2906 4388 3085 4454 decor,

535 4485 703 4551 dolor,
739 4483 964 4552 ¹⁰fauor‚
1001 4484 1202 4552 feruor,
1231 4484 1423 4553 foetor,
1450 4484 1642 4552 fulgor,
1670 4485 1875 4552 horror,
1904 4484 2109 4549 humor,
2141 4481 2382 4547 languor,
2416 4480 2588 4532 lentot
2616 4476 2745 4546 Col„
2772 4492 2917 4545 saep.
2950 4477 3087 4531 Pliu.

535 4575 757 4641 (lentere
796 4572 1012 4642 Lucil.),
1057 4572 1252 4643 liquor,
1289 4572 1444 4642 liuor,
1491 4570 1727 4627 ²⁰macor
1762 4588 1861 4640 pn,
1913 4570 2096 4625 mador
2132 4568 2259 4623 Sall.
2296 4568 2382 4635 fr„
2431 4582 2587 4633 rece„
2638 4582 2859 4634 maeror,
2906 4583 3089 4620 mucor

533 4662 638 4731 pA,
675 4661 858 4731 nigror
892 4679 975 4732 pr,
1017 4660 1170 4733 Cels„
1209 4677 1346 4717 recc.
1385 4660 1615 4731 (nigrore
1625 4660 1695 4729 2),
1734 4660 1892 4728 nitor,
1931 4658 2047 4713 olor
2083 4658 2257 4725 varr„
2296 4655 2487 4726 pallor,
2523 4659 2681 4725 pator
2701 4654 2886 4724 scrib„
2925 4655 3085 4723 App.,
