3409 5300
1703 455 1827 517 174

663 669 837 736 Haec
882 667 1041 734 satis
1088 667 1290 734 multa
1336 670 1417 733 ad
1464 667 1870 750 propositum
1913 665 2238 732 sufficiunt
2284 669 2358 730 ut
2403 663 2712 746 exempla,
2762 683 2944 748 quae,
2997 664 3054 728 si

486 759 869 841 praesertim
916 758 1387 839 computaueris
1435 775 1510 822 ea
1556 757 1790 839 quibus
1839 758 2060 820 statim
2122 754 2165 819 l.
2213 773 2262 818 s,
2313 753 2610 820 Rufinum
2658 760 2890 820 testem
2941 755 3052 818 ad-

487 849 826 927 iunximus,
876 849 1159 913 omnium
1206 865 1370 928 quae
1418 847 1495 912 de
1544 847 1934 928 Hieronymo
1994 843 2330 910 retulimus
2395 848 2546 910 sunt
2591 863 2654 924 p.
2703 843 2786 924 pl.
2839 849 2908 907 31
2947 843 3052 924 ⁰10,

486 938 737 1004 uouicia
776 942 989 1002 autem
1038 956 1115 1000 ex
1147 935 1251 1000 his
1283 935 1559 1001 omnium
1597 935 1972 1016 Hieronymi
2004 933 2394 999 nouiciorum
2433 931 2596 1012 33¹l3
2635 931 2734 1012 οἷο.
2813 932 2935 997 Sed
2971 933 3052 996 ad

487 1027 845 1108 complures
893 1045 1083 1090 uoces
1128 1031 1439 1090 annotare
1497 1025 1669 1090 locos
1716 1023 1927 1088 Rufini
1975 1024 2210 1104 partim
2274 1041 2816 1103 superuacaneum
2874 1023 3054 1086 ‹luxi-

486 1135 627 1182 mus
704 1117 807 1198 (ut
880 1115 963 1180 ad
1038 1114 1475 1194 praeuaricari
1544 1119 1698 1188 etc.,
1767 1109 2242 1196 inuisibilis..),
2323 1111 2559 1192 partim
2637 1110 3051 1190 negleximus

489 1205 725 1287 Vtique
774 1210 983 1268 tamen
1036 1203 1205 1267 haud
1253 1221 1455 1281 pauca
1501 1207 1773 1282 restant,
1825 1221 1988 1283 quae
2033 1201 2258 1264 haberi
2306 1201 2557 1281 possint
2605 1219 2744 1264 esse
2793 1200 3054 1266 ‘latinae

485 1292 740 1374 linguae
788 1292 1297 1358 dilatatoris
1346 1291 1601 1373 eximii',
1651 1309 1840 1372 quem
1889 1292 2045 1356 dicit
2079 1289 2499 1356 Cassiodorus
2548 1291 2727 1370 (inst.
2761 1290 2890 1355 diu.
2923 1290 3051 1354 litt.

492 1386 625 1464 21).
692 1382 893 1468 Quam
941 1400 1095 1446 uero
1142 1382 1309 1446 idem
1358 1380 1655 1446 laudibus
1702 1378 1907 1461 effert,
1961 1385 2272 1460 ‘paratam
2321 1379 2639 1460 copiam
2689 1398 3052 1443 sermonum

490 1473 571 1536 ad
619 1489 1059 1554 quamcunque
1108 1477 1359 1550 partem
1422 1469 1745 1534 conuertit
1807 1469 2171 1549 ingenium’,
2235 1469 2405 1548 apud
2454 1468 2904 1550 Hieronymum
2957 1487 3054 1530 re-

492 1561 737 1642 perisse
784 1578 901 1625 nos
948 1559 1227 1624 fatemur
1273 1559 1751 1639 exspectatione
1798 1564 2014 1623 tamen
2063 1559 2397 1622 minorem.

668 1650 979 1731 Denique,
1029 1649 1323 1732 quamuis
1372 1647 1744 1728 opusculum
1797 1649 1950 1712 hoce
1998 1667 2113 1712 nee
2158 1647 2380 1711 naeuis
2429 1653 2646 1710 careat
2678 1665 2790 1710 nec
2821 1665 3054 1726 eorpus

490 1740 580 1806 sit
612 1739 959 1818 egregium,
1008 1755 1340 1818 speramus
1386 1743 1600 1802 tamen
1648 1754 1766 1800 nos
1813 1736 1891 1800 de
1925 1737 2312 1818 Hieronymo
2343 1753 2420 1799 ac
2455 1735 2698 1814 Rufin0,
2748 1741 3052 1816 tanquam

492 1829 571 1893 de
634 1833 811 1892 terra
872 1846 1097 1907 parum
1156 1827 1411 1906 cognita
1474 1824 1816 1906 philologis
1879 1825 2230 1907 plerisque,
2297 1825 2380 1887 ad
2445 1824 2708 1888 latinam
2770 1824 3053 1902 linguam

491 1917 1112 1998 percognoscendam
1160 1914 1585 1981 historialiter
1632 1933 1758 1978 non
1804 1914 1963 1978 nihil
2011 1916 2230 1996 utique
2277 1912 2576 1977 attulisse
2611 1913 2777 1993 noui,
2827 1913 3054 1978 lexico-

491 2005 801 2087 graphiae
846 2011 1040 2085 certe,
1104 2005 1519 2087 quantumuis
1568 2003 1756 2068 modo
1801 2022 1876 2068 ac
1921 2004 2204 2084 pondere
2252 2001 2500 2081 singula
2549 2002 2719 2066 inter
2765 2022 2834 2067 se
2881 2001 3054 2066 diffe-

491 2101 659 2176 rant,
724 2113 847 2160 non
913 2095 1205 2175 equidem
1268 2111 1569 2172 magnum
1633 2089 1890 2174 aliquod
1956 2094 2436 2169 incrementum,
2503 2099 2573 2155 at
2633 2109 2834 2172 prope
2897 2090 3055 2155 nihil

492 2203 617 2250 non
664 2202 919 2248 nouum.

493 2391 547 2443 in
575 2389 842 2460 opusculis
878 2389 988 2444 suis
1025 2389 1275 2444 ostendit.
1332 2388 1479 2442 Est'
1464 2405 1509 2442 is
1535 2388 1765 2457 scriptor
1788 2403 1916 2442 sane
1943 2387 2261 2455 luculentuS,
2301 2385 2648 2456 expositionis
2677 2385 3059 2454 perspicuitate

491 2477 556 2516 ac
592 2461 893 2531 sobrietate,
930 2461 1243 2527 allegoricas
1279 2459 1515 2527 argutias
1551 2459 1664 2514 fere
1702 2459 2021 2528 declinante,
2061 2459 2516 2527 commendabiliS,
2557 2459 2666 2512 stili
2703 2473 2916 2525 quoque
2952 2473 3060 2510 non

495 2532 681 2586 inculti
718 2538 871 2600 grata
878 2503 1137 2614 ‘quadam
1176 2531 1535 2600 simplicitate,
1574 2531 1777 2598 alioqui
1815 2529 2140 2584 ‘instruendo
2178 2531 2346 2597 magis
2383 2547 2541 2599 quam
2571 2529 2834 2582 mouendo
2863 2529 3057 2597 aptus’.

492 2603 683 2659 Verbis
720 2603 964 2669 nouiciis,
1005 2619 1143 2672 quae
1180 2619 1307 2657 non
1344 2611 1438 2657 aut
1474 2602 1581 2657 sint
1618 2603 1776 2657 etiam
1813 2602 1956 2670 apud
1995 2602 2114 2656 illos
2151 2609 2245 2657 aut
2281 2609 2423 2657 certe
2460 2601 2697 2655 fuerint
2684 2618 2738 2655 ιιι
2765 2602 2818 2655 S.
2848 2602 2899 2655 S.
2927 2607 3056 2669 uet„

493 2692 711 2743 perraro
747 2674 917 2729 utitur
1005 2674 1321 2729 Notauimus
1370 2684 1549 2728 tamen
1595 2676 1754 2728 haec:
1804 2680 2038 2727 certator
2085 2675 2222 2728 beat.
2271 2676 2465 2743 (sermo
2507 2674 2571 2727 de
2609 2674 2740 2726 VIII
2779 2672 3058 2725 beatitudi-

490 2747 672 2816 nibus)
710 2751 743 2800 2
792 2746 1162 2800 ‘certatoribus
1211 2746 1265 2799 in
1315 2747 1417 2799 hoc
1464 2746 1637 2799 stadio
1684 2744 1951 2813 spirituali
1999 2746 2293 2845 praemium
2341 2744 2611 2814 proponit’
2651 2744 2826 2811 (Gell.,
2871 2744 3055 2813 App.,)

494 2823 879 2871 consentaneus
907 2832 1082 2887 pere.
1122 2816 1199 2887 (in
1240 2816 1343 2871 Eu.
1384 2818 1603 2887 Matth.)
1648 2818 1854 2886 tr(act.)
1901 2820 1950 2884 8,
1991 2821 2022 2871 3
2072 2817 2184 2884 ‘qui
2229 2833 2326 2870 nos
2363 2817 2511 2899 cupit
2545 2816 2646 2870 sibi
2685 2831 2799 2869 esse
2837 2830 3058 2869 eonsen-

492 2887 695 2986 taneps’
734 2889 871 2957 (Ser.
898 2906 953 2957 p.
988 2888 1131 2957 12³⁸),
1170 2888 1614 2945 exabundare
1650 2894 1716 2941 tr.
1759 2892 1902 2955 14,1
1948 2888 2021 2941 ‘in
2059 2894 2262 2941 tantum
2305 2888 2501 2942 caritas
2538 2888 2639 2941 Dei
2675 2886 3055 2954 exabundauit,

492 2966 583 3014 ut.
644 2959 921 3030 ,deuotio
965 2960 1084 3014 ecel.
1124 2965 1190 3014 tr.
1232 2965 1317 3025 11,
1357 2964 1388 3015 3
1436 2960 1504 3014 ad
1552 2974 1705 3013 omne
1753 2959 2050 3013 deuotionis
2089 2975 2222 3029 opus
2259 2958 2531 3027 impigrOS,
2587 2962 2668 3026 12,
2709 2962 2740 3013 5
2787 2964 2842 3012 et
2893 2974 3056 3026 saep,

492 3031 748 3085 iuratio
796 3037 865 3085 tr.
906 3036 989 3098 10,
1031 3034 1061 3085 3
1112 3048 1145 3085 a
1192 3002 1345 3086 nobis
1390 3047 1545 3085 usum
1583 3030 1861 3084 iurationis
1898 3030 2109 3084 auferre.
2148 3030 2380 3098 (Sirac.),
2420 3030 2848 3097 multiloquentia
2890 3030 3057 3083 «Lim

495 3104 751 3171 11,1(?)
788 3104 973 3157 Cant.»
981 3108 1099 3171 ,tr.
1132 3107 1215 3174 13,
1245 3108 1296 3171 2,
1334 3102 1692 3172 multiloquax
1721 3102 1791 3155 ib.
1817 3102 1920 3170 (3),
1963 3103 2284 3169 perduratus
2311 3101 2512 3155 Colum.
2542 3101 2597 3171 (b
2623 3118 2676 3169 p.
2707 3102 2820 3170 25),
2861 3100 3056 3165 Rufin.,

491 3182 557 3229 tr.
600 3178 665 3227 14
702 3190 744 3228 s.
782 3174 821 3228 f.
860 3174 1084 3243 (mens),
1140 3180 1628 3243 perpenetrare
1682 3179 1748 3227 tr.
1789 3178 1839 3241 4,
1879 3178 1910 3227 2
1967 3173 2227 3226 ‘coelestis
2283 3175 2456 3240 gratia
2510 3172 2774 3225 exteriora
2827 3171 3058 3225 hominis

492 3250 653 3313 atque
700 3245 956 3299 interiora
1001 3245 1358 3313 perpenetrat’
1366 3286 1379 3313 ,
1424 3245 1742 3313 posthinc
1787 3252 1853 3299 tr.
1891 3248 1943 3310 9,
1989 3249 2012 3297 1
2058 3244 2323 3313 ‘posthinc
2359 3244 2627 3313 sequitur:
2677 3249 2817 3312 est0,
2866 3243 3058 3311 inquit,

492 3316 827 3371 consentiens
851 3315 941 3382 ..’‚
991 3316 1269 3371 triduanus
1316 3323 1382 3370 tr.
1423 3319 1507 3383 15,
1548 3321 1580 3369 2
1630 3315 1797 3384 (quod
1837 3315 1979 3383 apud
2017 3316 2228 3369 nien«
2206 3332 2320 3384 «ep.
2359 3319 2447 3381 54,
2491 3319 2586 3368 10»
2630 3331 2742 3369 esse
2779 3316 2916 3369 male
2953 3331 3058 3366 non

492 3386 1006 3457 animaduertimus).
1082 3388 1325 3441 Ceterum
1373 3386 1618 3457 uocibus,
1676 3403 1809 3455 quas
1859 3386 1924 3440 de
1970 3387 2292 3455 Hieronymo
2341 3388 2534 3441 relatas
2581 3384 3057 3439 contestificantem

494 3458 598 3512 iam
637 3458 942 3513 induximus
980 3457 1259 3527 Rufinum,
1310 3460 1450 3512 hunc
1496 3475 1710 3526 quoque
1758 3457 2112 3527 superducere
2163 3458 2389 3511 otiosum
2436 3466 2532 3512 est.
2605 3458 2808 3511 Eorum
2858 3463 3058 3511 autem:

494 3529 685 3597 quibus
732 3528 981 3583 Rufinum
1030 3544 1137 3583 non
1184 3501 1529 3597 adduximus,
1576 3530 1823 3597 exempla
1868 3530 2000 3583 haec
2046 3530 2292 3597 ponimus
2337 3544 2434 3583 nec
2479 3530 2646 3582 multa
2689 3544 2786 3581 nec
2833 3544 3057 3594 magna,

494 3600 831 3655 exacerbatio
869 3602 919 3671 2,
958 3616 1262 3668 expugnare
1298 3608 1365 3654 tr.
1406 3606 1491 3667 14,
1532 3606 1563 3655 7
1601 3600 1762 3656 fidem
1799 3608 2053 3667 nostram,
2093 3600 2394 3654 huiusmodi
2431 3599 2540 3654 abS.
2566 3606 2632 3653 tr.
2662 3604 2712 3669 4,
2742 3604 2776 3653 4
2815 3599 3058 3667 ‘proiecti

492 3671 796 3725 huiusmodi
832 3642 919 3725 ab
936 3670 1165 3726 ecclesia
1201 3688 1414 3727 necesse
1451 3680 1532 3726 est
1570 3678 1629 3725 ut
1665 3672 1889 3726 diuersis
1925 3672 2073 3724 uitiis
2111 3671 2522 3739 conculcentur’,
2575 3676 2656 3740 17,
2697 3675 2749 3738 4,
2800 3670 3061 3725 iactanter

494 3748 559 3796 tr.
602 3746 685 3813 13,
726 3748 775 3807 1,
814 3742 998 3797 illicite
1034 3748 1101 3797 tr.
1144 3748 1227 3811 10,
1272 3750 1296 3798 1
1338 3744 1609 3812 populoi.
1648 3743 1882 3809 uiuenti
1937 3741 2276 3797 iustificatior
2322 3750 2386 3797 tr.
2429 3747 2513 3809 13,
2554 3747 2604 3808 2,
2643 3713 2941 3796 retributor
2990 3747 3057 3794 tr.

499 3819 584 3880 11,
616 3818 666 3867 2.
724 3785 967 3882 fienique
1005 3821 1319 3869 annotamus
1356 3816 1457 3868 hoc
1496 3816 1612 3868 loco
1653 3815 1960 3882 dictionem,
2000 3830 2136 3882 quae
2173 3830 2371 3881 saepe
2411 3784 2680 3867 inuenitur
2707 3813 2848 3881 apud
2877 3828 3060 3865 omnes

494 3890 629 3938 tres:
678 3886 967 3940 secundum
1016 3885 1159 3954 quod
1206 3902 1331 3953 pro:
1381 3885 1673 3939 secundum
1711 3886 1786 3954 id,
1834 3886 1993 3953 quod,
2046 3886 2212 3938 ueluti
2247 3886 2421 3939 Hier.
2460 3885 2584 3939 Did.
2622 3884 2748 3952 spir.
2786 3890 2920 3938 snct.
2959 3888 3056 3937 31:

496 3955 748 4025 (Spiritus
776 3956 1023 4027 Sanctus)
1061 3957 1263 4011 habens
1298 3956 1427 4011 Filii
1454 3958 1832 4025 proprietatem
1868 3956 2222 4011 secundum
2257 3956 2430 4025 quod
2468 3957 2613 4009 Deus
2644 3960 2742 4020 est,
2784 3956 2837 4009 in
2863 3955 3057 4009 Matth.

495 4026 576 4081 111
626 4028 694 4082 ad
753 4030 941 4096 18,12
978 4042 1083 4096 sq.:
1132 4028 1225 4081 alii
1273 4035 1495 4096 putant.
1519 4028 1607 4082 .in
1655 4044 1764 4082 una
1801 4029 2013 4082 ouicula
2057 4038 2393 4096 peccatorem
2432 4027 2716 4095 (intellegi)
2763 4026 3056 4081 secundum

496 4098 638 4165 quod
675 4098 727 4151 in
766 4100 869 4152 alio
907 4100 1027 4152 loco
1065 4098 1221 4167 (Luc.
1262 4104 1313 4168 5,
1352 4100 1445 4168 32)
1485 4069 1711 4166 dixerat,
1761 4100 1816 4152 in
1867 4100 1936 4152 Is.
1974 4100 2027 4151 II
2075 4098 2140 4153 ad
2181 4102 2337 4167 3,1.
2385 4098 2753 4168 ,Rufin.in
2792 4098 2964 4151 Ieuit.
3003 4102 3059 4165 2,

497 4174 555 4223 2.
594 4170 885 4224 secundum
915 4170 1059 4238 quod
1084 4186 1246 4238 supra
1270 4170 1628 4240 exposuimuS,
1666 4171 1720 4224 in
1745 4170 1918 4223 Exod.
1951 4176 2034 4239 10,
2067 4175 2118 4235 4,
2160 4169 2745 4239 Pampb.pr‹›O1-ig.4
2772 4186 2825 4236 p.
2855 4172 2989 4223 336.

498 4241 833 4295 Chromat.
870 4247 937 4295 tr.
976 4245 1028 4307 5,
1068 4245 1129 4295 4.
1174 4242 1463 4295 secundum
1500 4241 1644 4309 quod
1680 4242 1926 4296 Salomon
1966 4213 2150 4311 (Ρίὀιι.
2188 4246 2237 4310 4,
2281 4243 2369 4309 18)
2405 4242 2642 4308 retulit,.
2665 4240 2861 4309 .[add.
2899 4239 2968 4293 ad
3005 4257 3059 4307 p.

502 4316 630 4367 153.
668 4312 1002 4367 subindenda
1037 4318 1164 4365 sunt
1198 4312 1253 4367 in
1290 4313 1575 4367 laterculos
1612 4314 1923 4381 Hieronymi
1929 4328 2058 4367 anos
2095 4312 2281 4366 etiam:
2321 4330 2372 4380 p.
2400 4314 2470 4365 48
2497 4280 2816 4366 con’tribulis
2853 4310 3058 4379 (Rufin.

496 4382 682 4437 bened.
720 4383 765 4452 I,
809 4385 879 4452 1),
917 4401 969 4453 p.
1008 4387 1075 4437 49
1106 4384 1487 4453 paschaliS,
1527 4402 1579 4451 Ρ.
1617 4388 1685 4439 67
1725 4384 2240 4451 florentissime,
2277 4400 2329 4451 p.
2368 4388 2436 4437 92
2476 4400 2504 4437 e
2543 4384 2700 4436 Breu.
2739 4383 3058 4449 tonia-‚uara

496 4484 565 4493 —-
603 4462 877 4522 praeterea
913 4454 1117 4523 add.p
1081 4472 1133 4523 p.
1172 4458 1241 4509 88
1288 4456 1603 4522 baptismum
1648 4470 1695 4509 c.
1743 4456 1920 4521 Pelag.
1966 4456 2012 4521 1,
2062 4460 2129 4509 22
2179 4457 2254 4524 (S.
2293 4456 2345 4509 S.
2395 4460 2529 4508 uet.:
2577 4454 2794 4507 Ronsch
2841 4470 2893 4521 p.
2933 4457 3058 4520 270,

499 4525 690 4597 Tem),
728 4524 990 4579 Gaudent.
1027 4531 1094 4580 tr.
1133 4530 1164 4581 3
1203 4532 1327 4594 post
1363 4526 1496 4579 illud
1534 4526 1870 4596 baptismum,
1907 4544 1959 4595 p.
2003 4532 2102 4581 102
2143 4527 2504 4595 exsuscitareJ.

1562 4705 1980 4750 -ῡ--Εὲὲὲιό-θ
