3409 5300
1767 465 1888 525 150

1762 555 1980 562 -0———.——-

542 679 1037 768 Hieronymi
1091 699 1243 748 cum
1297 679 1565 766 ceteris,
1624 699 1802 769 quae
1853 679 2143 752 subinde
2195 680 2484 753 collecta
2535 683 2672 754 iam
2725 683 2894 754 alibi
2955 683 3106 772 ple-

540 819 755 887 raque
808 797 1261 884 exhibuimnS,
1328 798 1458 868 hoc
1527 797 1698 887 loce,
1777 799 2142 887 temporis,
2223 801 2455 888 prouti
2523 803 2779 890 potuit,
2863 801 3107 874 ordine

538 924 839 1006 seruate,
896 918 1439 1004 composuimus:
1499 918 1782 1007 Lampr.
1837 917 2038 988 Alex.
2089 923 2184 990 43
2240 941 2346 990 ex.
2401 922 2852 992 ‘consulentes
2905 943 3108 994 sacra

541 1045 991 1126 reppererant
1013 1093 1029 1124 ,
1118 1058 1351 1108 omnes
1412 1039 1824 1110 christianos
1885 1038 2275 1126 futuros,
2361 1041 2420 1111 si
2489 1040 2561 1110 id
2640 1041 2950 1127 fecisset,
3032 1049 3107 1112 et

540 1157 800 1246 templa
846 1157 1116 1246 reliqua
1163 1157 1688 1228 deserenda’
1758 1157 1833 1237 (i.
1896 1157 2243 1228 desertum
2297 1157 2436 1247 iri),
2492 1159 2670 1248 Vop.
2729 1157 2945 1232 Tacit.
3013 1165 3100 1231 12

544 1278 635 1346 ‘in
685 1277 1041 1365 antiquum
1092 1282 1348 1347 statum
1402 1277 1666 1348 redisse
1721 1298 1888 1348 rem.
1945 1299 2039 1366 p.,
2116 1279 2304 1364 leges
2373 1301 2416 1350 a
2485 1286 2726 1350 senatu
2791 1287 3106 1369 peten-

540 1397 715 1484 das.
774 1419 972 1485 reges
1024 1397 1360 1468 barbaros
1418 1397 1688 1467 senatui
1739 1397 2444 1486 supplicaturOS,
2501 1420 2737 1487 pacem
2791 1422 2871 1470 ac
2923 1401 3110 1472 bella

540 1525 785 1588 senatu
854 1524 1133 1588 auctore
1199 1517 1731 1604 tractanda⁷,
1818 1515 2048 1603 Spart.
2105 1517 2297 1588 Pesc.
2361 1522 2452 1589 10
2535 1521 2758 1590 ‘iussit
2833 1521 3106 1609 publice

542 1637 1095 1708 commendarent
1151 1634 1489 1716 (nummos
1544 1635 1755 1724 suos),
1811 1639 2162 1725 recepturi
2213 1645 2372 1726 post
2422 1641 2707 1728 proelia,
2761 1641 2945 1730 quod
2987 1641 3106 1711 de-

542 1757 808 1844 derant,
868 1755 1147 1844 61111666,
1219 1756 1463 1828 liberis
1514 1765 1702 1828 certe
1768 1756 2336 1845 reddendum,
2407 1759 2516 1828 cui
2582 1760 2908 1830 uenisset’
2980 1762 3101 1844 (sc.

408 1939 421 1953 ,
540 1878 693 1947 iure
728 1876 1190 1964 hereditatis),
1244 1873 1469 1964 Capit.
1518 1875 1672 1946 Alb.
1720 1879 1760 1946 5
1807 1876 2485 1948 ‘nobilitandum
2523 1877 2837 1959 (filiolum
2879 1875 3107 1961 suum)

542 1996 752 2066 etiam
804 1995 963 2065 hinc
1016 1997 1347 2084 sperans',
1404 1995 1497 2065 id.
1538 1995 1902 2068 Maximin.
1947 2001 2039 2065 22
2099 1998 2330 2067 ‘etiam
2369 1998 2572 2068 deum
2609 2000 2944 2070 Belenum
2981 2021 3110 2089 per

540 2115 939 2204 haruspices
1004 2116 1441 2204 respondisse
1492 2116 1952 2186 Maximinum
2014 2139 2212 2187 esse
2279 2118 2862 2206 uincendum',
2924 2118 3106 2208 Vop.

539 2236 700 2306 Tac.
761 2240 804 2307 7
864 2239 1038 2306 ‘cum
1088 2253 1323 2305 rumor
1372 2237 1787 2323 emersisset,
1858 2237 2052 2307 illum
2099 2239 2587 2326 imperatorem
2642 2261 2838 2311 esse
2889 2241 3110 2312 faci-

540 2356 872 2445 endum,
926 2355 1241 2426 discessit
1298 2362 1506 2445 atque
1559 2357 1631 2425 in
1668 2348 1931 2428 Baiano
1971 2357 2236 2428 dnobus
2270 2359 2619 2428 mensibus
2653 2359 2832 2447 fuit’,
2875 2357 3105 2448 Spart.

540 2477 733 2549 Pesc.
794 2482 834 2548 3
894 2475 1173 2547 ‘Seuero
1228 2475 1535 2566 (longum
1603 2476 1967 2566 imperium
2037 2474 2332 2564 deberi,)
2402 2478 2522 2567 qui
2581 2479 2802 2567 magis
2866 2485 3110 2549 esset

541 2596 699 2668 odio
746 2596 915 2669 hab
938 2617 1031 2668 en
1052 2596 1223 2686 duS,
1300 2597 1483 2687 quod
1534 2596 1864 2685 probauit
1915 2599 2254 2685 euentus’,
2330 2597 2532 2669 Treb.
2585 2598 2747 2688 trig.
2810 2604 2946 2688 tyr.
3009 2601 3098 2668 21

542 2717 972 2807 ‘quadrigae,
1031 2718 1228 2807 quasi
1280 2718 2008 2805 transferendae,
2081 2718 2252 2789 alibi
2303 2719 2570 2807 positae
2623 2722 2828 2806 sunt',
2885 2725 2956 2789 et
3007 2718 3110 2789 ita

542 2858 728 2927 saep.
786 2859 953 2907 scrr.
1009 2838 1172 2909 hist.
1233 2839 1435 2927 Aug„
1494 2844 1572 2907 ut
1626 2836 1858 2925 Spart.
1916 2836 2134 2907 Hadr.
2197 2842 2262 2925 3,
2328 2842 2442 2925 10,
2495 2837 2636 2908 Jul.
2683 2841 2750 2925 3,
2809 2842 2874 2924 7,
2929 2835 3110 2909 Geta

546 2963 612 3045 3,
688 2962 755 3045 6,
826 2957 1064 3029 Carae.
1126 2962 1189 3045 1,
1266 2962 1331 3044 2,
1398 2957 1679 3046 Lampr.
1741 2957 1895 3027 Hel.
1959 2962 2025 3044 9,
2091 2962 2157 3043 2,
2229 2956 2431 3027 Alex.
2494 2962 2560 3043 6,
2616 2962 2656 3027 2
2735 2965 2808 3027 61
2868 2961 2977 3045 13,
3039 2960 3103 3045 7,

542 3076 747 3148 Diad.
807 3082 873 3164 2,
946 3081 1012 3165 8,
1082 3075 1309 3166 Capit.
1370 3077 1530 3147 Alb.
1592 3082 1657 3164 3,
1741 3082 1802 3163 1,
1876 3076 2040 3145 Ant.
2093 3076 2272 3146 Phil.
2335 3082 2400 3163 6,
2475 3079 2538 3164 5,
2613 3076 2816 3147 Treb.
2868 3077 3106 3147 Valer.

544 3200 611 3285 8,
682 3204 749 3285 4,
818 3197 999 3269 Gall.
1076 3204 1190 3285 19,
1266 3202 1329 3286 7,
1398 3200 1564 3286 trig.
1629 3203 1743 3284 11,
1821 3201 1887 3284 3,
1965 3195 2142 3285 Vop.
2215 3197 2420 3266 Prob.
2483 3201 2600 3285 23,
2673 3201 2755 3283 33
2817 3238 2912 3249 ·-
2963 3196 3106 3267 Jul.

544 3318 779 3389 Valer.
838 3320 929 3405 II,
1000 3324 1040 3389 2
1098 3320 1315 3390 uerba
1379 3319 1492 3388 Ps.
1545 3316 1990 3388 Callisthenis
2058 3325 2220 3405 λέγει
2245 3322 2676 3410 ammom-aa
2737 3324 2924 3409 ἡμῶν
2981 3331 3112 3383 τῶν

540 3448 928 3530 καθηγητῶν
970 3446 1078 3507 καὶ
1124 3442 1589 3531 αἰδεσθήσεται
1634 3445 1816 3523 ὑμῶν
1869 3443 1984 3515 τοὶς
2037 3440 2227 3525 ὄψεις,
2273 3439 2534 3521 βλέπων
2606 3432 2701 3502 Sic
2767 3433 3110 3519 interpre-

542 3562 733 3625 tans:
810 3555 909 3625 ait
952 3574 1322 3627 memorem
1370 3555 1565 3624 illum
1612 3552 2001 3640 magisterii
2056 3552 2275 3621 uestri
2309 3606 2321 3619 .
2358 3558 2474 3622 ,61
2543 3550 2808 3639 pudore
2873 3552 3108 3621 flec-

542 3675 898 3745 tendum
956 3682 1027 3745 et
1077 3676 1472 3746 reuerentia
1522 3672 2110 3743 molliendum
2169 3673 2540 3761 uultusque
2596 3673 2783 3760 ipsos
2837 3678 3110 3742 nostros

541 3794 823 3865 minime
875 3802 1602 3883 aspernaturum3
1653 3834 1756 3843 -—
1809 3792 2033 3861 Amm.
2087 3790 2310 3879 XXV,
2369 3794 2436 3879 8,
2493 3797 2536 3863 9
2596 3791 2866 3880 ‘quibus
2917 3810 3110 3861 man-

544 3914 837 3985 dauerat
887 3917 1228 4004 princepS,
1286 3922 1365 3985 ut
1412 3914 1873 3985 Lucillianum
1929 3932 2237 3982 socerum
2297 3932 2495 3981 suum
2544 3930 2924 3999 properare
2958 3910 3112 3981 Me-

544 4032 893 4105 diolanum
946 4042 1277 4123 urgerent
1320 4056 1433 4105 res
1480 4035 2050 4105 firmaturum
2100 4031 2432 4118 ancipites
2471 4038 2562 4117 et,
2617 4032 2672 4100 si
2713 4050 2910 4100 casus
2949 4031 3112 4100 noui

552 4309 619 4359 14
660 4306 711 4358 ‘a
749 4304 965 4375 passiuo
1002 4303 1127 4371 duo,
1167 4299 1440 4371 praeteriti
1475 4303 1728 4371 temporis
1763 4309 1819 4357 et
1855 4301 2042 4367 futuri,
2097 4308 2156 4355 ut
2200 4302 2387 4372 lecturi,
2426 4300 2718 4370 legendus’,
2767 4301 2973 4356 Prisc.
3011 4302 3112 4370 XI,

546 4397 616 4449 28
653 4412 707 4462 p.
746 4396 850 4447 567
888 4392 955 4445 H.
1006 4390 1192 4445 ‘futuri
1240 4405 1401 4443 unum
1448 4390 1682 4444 actiuum
1732 4391 1788 4443 in
1835 4408 1947 4444 -rus
1995 4391 2272 4459 desinens,
2323 4398 2382 4445 ut
2419 4390 2813 4459 criminaturuS,
2859 4397 2912 4445 et
2947 4407 3112 4445 unum

544 4482 818 4551 passiuum
856 4481 911 4533 in
948 4480 1087 4551 -duS,
1126 4486 1185 4533 ut
1222 4477 1621 4548 criminandus’,
1674 4478 1874 4535 addens
1909 4479 2200 4549 participle.
2237 4479 2290 4531 in
2330 4479 2453 4535 -dus
2491 4479 2786 4535 desinentia
2824 4480 2986 4535 etiam
3019 4496 3115 4533 no-

542 4572 693 4627 mina
748 4586 864 4625 esse
923 4586 1103 4638 posse,
1162 4585 1281 4622 cum
1336 4568 1583 4623 amittant
1642 4576 1890 4637 tempus,
1957 4576 2016 4621 ut
2079 4567 2335 4621 amandus
2390 4555 2427 4614 ὅ
2477 4551 3003 4638 φιληθησόμενος
3057 4576 3116 4623 et

547 4662 581 4723 ὁ
628 4658 921 4745 φιλητέος
958 4682 1059 4730 etc,
