3409 5300
1762 440 1797 502 2

505 652 928 724 nouiciarum
1007 652 1358 725 laterculis
1439 653 1729 744 singulis
1808 673 1931 725 eae
2010 673 2213 724 uoces
2284 672 2411 741 per
2488 672 2561 723 se
2651 671 2785 721 non
2872 651 3065 722 noui-

502 772 684 860 ciae,
764 793 1054 862 quarum
1127 773 1198 843 in
1277 774 1984 864 significatione
2061 773 2173 843 uel
2252 772 2525 842 omnino
2602 793 2730 842 usu
2799 769 3062 861 aliquid

502 913 546 962 n
565 913 666 964 ou
685 913 726 964 a
745 898 922 962 tum
1003 900 1212 982 atque
1275 913 1318 964 a
1385 893 1875 965 consuetudine
1952 891 2260 982 priorum
2340 891 2737 982 discrepans
2819 895 3061 984 depre-

500 1012 850 1101 henditur,
907 1012 998 1083 ad
1051 1034 1220 1102 quas
1273 1012 1455 1084 idem
1509 1012 1627 1084 ille
1671 1012 2141 1103 distinguendi
2186 1020 2501 1101 tempora
2537 1035 2662 1102 per
2700 1014 3059 1086 literarum

499 1133 756 1206 formas
825 1132 1068 1204 modus
1129 1133 1458 1223 pertinet,
1523 1133 1626 1204 ita
1695 1139 1777 1204 ut
1828 1154 1895 1203 u.
1948 1153 2005 1203 c.
2066 1131 2397 1204 ‘confiteri
2452 1132 2799 1205 eccles.’
2848 1134 3060 1224 signi-

500 1251 678 1345 ficet,
743 1277 980 1326 uocem
1035 1275 1114 1325 eo
1162 1252 1386 1343 mod0,
1455 1274 1590 1344 quo
1657 1252 1843 1342 apud
1910 1252 2406 1324 ecclesiasticos
2460 1253 2832 1344 scriptores
2886 1255 3061 1324 acci-

499 1373 692 1462 pitur
741 1374 856 1446 uel
910 1373 1362 1461 construitur,
1431 1378 1546 1444 ut:
1621 1369 1974 1444 Christum
2038 1371 2382 1459 confiteri,
2454 1373 2593 1442 iam
2657 1373 2841 1462 apud
2894 1374 3061 1445 Ter-

500 1493 866 1568 tullianum
937 1494 1286 1584 adhiberi,
1374 1491 1874 1583 ‘principaliter
1946 1491 2091 1580 al),
2197 1491 2601 1564 aduerbium
2676 1494 2847 1566 hoce
2924 1493 3064 1566 alia

501 1619 712 1703 atque
763 1615 946 1704 apud
995 1616 1264 1704 priores
1318 1612 1817 1704 significatione
1868 1634 1911 1684 a
1962 1612 2371 1703 quibusdam
2426 1613 2639 1686 seculi
2690 1613 2794 1686 IV
2846 1615 3062 1704 scrip-

499 1734 768 1806 toribus
823 1733 1016 1826 (licet
1065 1755 1182 1806 eos
1233 1755 1366 1804 non
1415 1732 1821 1804 nominatim
1857 1731 2264 1822 indicemus)
2316 1733 2663 1820 usurpari.
2736 1731 3060 1806 Ceterum

499 1857 572 1926 in
625 1852 1017 1926 huiusmodi
1067 1851 1418 1925 interdum
1469 1852 1694 1923 minus
1748 1852 2016 1923 curiose
2064 1852 2247 1923 inter
2298 1851 2371 1922 id
2422 1852 2605 1941 quod
2653 1851 3061 1944 Hieronymi

499 1974 718 2064 ipsius
768 1978 839 2044 et
881 1971 955 2042 id
1010 1970 1194 2060 quod
1237 1970 1474 2058 seculi,
1529 1991 1663 2060 quo
1716 1971 1915 2060 uixit,
1965 1971 2315 2060 peculiare
2362 1978 2471 2044 est
2518 1971 2980 2045 distinximus

673 2092 897 2166 Voces
951 2091 1038 2166 ab
1092 2091 1514 2180 Hieronymo
1563 2088 1911 2162 adhibitas
1964 2111 2049 2162 ex
2102 2110 2183 2162 eo
2236 2111 2543 2180 numem,
2596 2112 2775 2181 quae
2825 2093 2897 2162 in
2936 2090 3060 2164 Sa-

503 2234 660 2288 crae
697 2211 1098 2302 scripturae
1147 2210 1624 2283 translationis
1671 2209 1932 2282 ueteris
1978 2210 2209 2284 antehi
2218 2231 2379 2284 eron
2383 2212 2701 2302 ymianae
2748 2212 3063 2301 reliquiis

498 2335 946 2408 inueniuntur
1009 2333 1321 2406 nouioiae
1339 2385 1357 2420 ‚
1431 2351 1604 2420 quas
1669 2328 1761 2400 H.
1816 2331 2130 2406 Roensch
2183 2330 2272 2404 V.
2333 2332 2445 2420 D.‚
2514 2332 2601 2404 de
2652 2331 2761 2404 his
2812 2331 3061 2413 studiis

497 2453 1238 2542 benemerentissimu8‚
1304 2451 1376 2523 in
1444 2451 1623 2523 libro
1695 2451 2029 2541 inscripto
2080 2451 2263 2524 Itala
2326 2452 2465 2524 und
2519 2451 2829 2541 Vulgata
2878 2471 3059 2522 com-

497 2578 732 2668 posuit
785 2574 884 2670 (S.
942 2571 1012 2645 S.
1062 2580 1202 2646 uet.
1259 2571 1375 2646 uel
1429 2569 1498 2642 S.
1556 2569 1680 2663 S.),
1735 2573 1809 2644 in
1859 2571 2227 2644 laterculos
2275 2594 2443 2644 non
2494 2571 2877 2662 retulimuS‚
2936 2591 3061 2644 nec

500 2701 724 2789 magis
775 2699 923 2771 fere
960 2716 1164 2769 uoces
1209 2694 1607 2782 desumptas
1661 2713 1698 2765 e
1753 2692 2071 2764 uersione
2115 2692 2405 2781 uulgata
2440 2690 2713 2783 (Vulg.)
2766 2691 2853 2761 ab
2891 2690 3059 2761 Hie-

499 2840 784 2910 ronymo
836 2820 1022 2891 facta
1085 2816 1201 2889 uel
1266 2818 1646 2885 retractata
1663 2866 1680 2901 ,
1750 2831 1902 2881 cum
1972 2811 2092 2883 ille
2137 2810 2319 2899 quod
2374 2811 2461 2881 ad
2518 2809 2889 2881 uerborum
2942 2808 3059 2880 de-

499 2939 750 3011 lectum
789 2939 1044 3009 attinet
1079 2933 1488 3025 correctoris
1530 2932 1753 3019 magis
1790 2952 1993 3021 quam
2032 2930 2505 3001 reformatoris
2540 2934 2775 3018 partes
2812 2928 3055 3018 egerit.

499 3066 648 3155 Quo
705 3058 872 3150 quid
921 3077 1030 3128 me
1083 3051 1511 3142 compulerit,
1567 3050 1880 3140 exemplo
1932 3049 2441 3123 subostendam.
2538 3048 2885 3121 Nimirum
2937 3068 3058 3119 no-

501 3182 825 3255 stratium
881 3194 1152 3266 quoque
1203 3172 1530 3245 ecclesiae
1587 3170 1944 3241 doctorum
1998 3170 2261 3259 scripta
2310 3176 2383 3241 et
2434 3169 2805 3255 contionem
2875 3168 2935 3239 si
2987 3167 3058 3235 in

499 3304 740 3375 literas
783 3298 1187 3384 mittuntur,
1255 3293 1534 3381 linguae
1581 3291 1690 3363 sui
1738 3288 2071 3378 temporis
2119 3294 2281 3359 sunt
2330 3288 2777 3361 ueracissima
2828 3286 2901 3354 in
2950 3284 3058 3356 fu-

498 3429 733 3494 turum
777 3421 1214 3489 monumenta
1264 3413 1623 3502 fontesque
1675 3409 2052 3500 purissimi,
2106 3430 2175 3479 m
2194 3428 2233 3479 o
2250 3408 2297 3477 d
2314 3427 2353 3478 o
2406 3407 2562 3495 quis
2614 3423 3059 3493 quaecunque

499 3541 820 3614 deriuata
871 3542 1034 3609 sunt
1099 3556 1136 3606 e
1189 3533 1258 3605 S.
1317 3531 1386 3603 S.
1443 3539 1606 3609 ante
1659 3528 1897 3603 COCL
1952 3529 2249 3618 amplius
2295 3546 2509 3598 annos
2559 3524 2903 3597 translata
2955 3544 3061 3595 se-

500 3658 662 3731 dulo
701 3656 1112 3729 secreuerit:
1162 3676 1230 3723 u.
1269 3672 1326 3723 c.
1367 3673 1503 3724 uox
1537 3649 2133 3737 Heilsaneignung
2169 3652 2275 3717 est
2310 3645 2435 3715 illa
2470 3643 2743 3734 quidem
2784 3642 3061 3732 linguae

499 3778 714 3851 seculi
765 3776 969 3865 XIX,
1044 3773 1358 3865 quamuis
1408 3792 1545 3843 non
1598 3766 2113 3842 consuetudinis
2162 3765 2536 3836 communis
2556 3819 2573 3853 ‚
2644 3770 2717 3837 at
2771 3762 2917 3834 ‘das
2968 3763 3063 3833 ist

491 3900 565 3988 je
627 3897 1013 3987 gewisslich
1073 3895 1290 3967 wahr’
1369 3893 1506 3965 iam
1577 3890 1859 3961 minime
1928 3892 2036 3957 est
2102 3884 2313 3957 seculi
2362 3883 2551 3973 XIX,
2616 3881 3059 3973 quantumuis

499 4017 744 4090 tritum
794 4013 1389 4106 praedicatoribus
1441 4008 1875 4101 quibusdam.
1946 4005 2412 4077 Nihilominus
2464 4004 2741 4077 illarum
2760 4085 2767 4097 Ι
2788 4021 3059 4093 quoque

499 4157 742 4209 uocum
779 4134 1118 4209 delectum
1171 4130 1510 4223 quendam
1561 4149 1688 4218 per
1740 4127 2013 4217 singula
2056 4126 2202 4199 fere
2239 4146 2494 4216 genera
2527 4123 3056 4201 subadiecimuS.

499 4258 581 4331 In
647 4258 758 4328 his
826 4276 1134 4346 quoque,
1207 4252 1268 4324 si
1318 4271 1456 4324 uox
1505 4249 1660 4322 did
1680 4248 1915 4320 uctis
1966 4266 2294 4337 expressa
2360 4252 2467 4317 est
2518 4244 2778 4332 literiS,
2846 4240 3058 4331 signi-

503 4377 750 4451 ficatur
804 4397 954 4449 esse
999 4396 1152 4449 eam
1201 4374 1342 4445 iam
1393 4370 1578 4462 apud
1629 4368 2153 4441 Tertullianum.

671 4498 772 4569 At
808 4496 989 4568 enim
1023 4516 1160 4567 non
1195 4494 1484 4566 nouiciis
1521 4499 1592 4564 et
1642 4489 1845 4561 modo
1880 4490 2063 4561 natis
2100 4491 2369 4559 tantum
2410 4488 2681 4559 constat
2714 4481 3057 4573 peculium

499 4618 778 4709 linguae
829 4616 1142 4705 alicuine,
1191 4614 1312 4689 sed
1347 4615 1448 4687 eis
1485 4633 1757 4707 quoque
1791 4609 2100 4697 uocibuS,
2156 4626 2332 4699 quae
2365 4604 2633 4696 pridem
2669 4608 2875 4675 natae
2909 4608 3055 4675 tum
3096 4638 3102 4643 ·
