3409 5300
1566 451 1646 512 83

327 661 560 750 (plane
615 661 853 732 eadem
907 663 1174 731 ratione
1219 663 1332 732 uel
1387 663 1741 752 irratione,
1818 687 1953 753 qua
2005 667 2373 738 immensus
2424 689 2551 756 pro
2601 691 2889 762 magnus

327 795 393 852 et
450 784 598 852 sim.
660 780 1166 871 loquebantur),
1234 782 1370 852 iam
1424 785 1600 854 ‘iste’
1667 773 1756 854 'ad
1814 788 2155 872 generalis
2210 789 2560 860 cuiusdam
2612 792 2889 862 demon-

327 902 606 972 stratiui
657 907 1070 990 potestatem
1123 903 1320 989 quasi
1371 903 1662 990 prouehi
1714 905 2087 976 nitebatur.
2130 939 2171 958 ν

499 1023 686 1092 *mos
748 1043 900 1110 pro
964 1022 1204 1091 modus
1259 1019 1510 1112 (Scrut.
1586 1045 1648 1110 p.
1713 1025 1837 1114 63)
1908 1029 2290 1116 exemplum
2370 1037 2474 1100 est
2536 1033 2605 1102 in
2670 1031 2883 1103 Mich.

325 1143 396 1212 ΙΙ
447 1143 536 1212 ad
595 1147 659 1229 7,
736 1145 778 1211 8
852 1163 996 1230 sqq.
1071 1142 1276 1230 ‘quod
1330 1141 1700 1232 (Babylon)
1757 1144 2049 1216 delenda
2127 1149 2217 1217 sit
2284 1157 2353 1218 et
2422 1151 2492 1217 in
2561 1171 2886 1222 morem

325 1262 566 1332 lateris
621 1262 1122 1332 conculcanda’.

501 1381 832 1450 *mundus
887 1402 951 1468 q.
1008 1381 1194 1450 orbis
1247 1390 1612 1470 terrarum,
1676 1383 2069 1456 humanitas
2124 1387 2257 1456 HA
2311 1409 2377 1476 p.
2442 1394 2575 1460 121
2641 1390 2891 1462 Hiero-

323 1501 515 1589 nymi
569 1501 880 1588 exempla
931 1507 1092 1570 sunt
1146 1501 1403 1591 (signif.
1460 1523 1592 1571 non
1647 1525 1827 1591 spec.
1884 1505 2069 1594 eccl„
2144 1507 2227 1576 de
2276 1529 2410 1596 qua
2463 1531 2529 1580 n.
2588 1512 2672 1580 ad
2724 1512 2887 1583 *se-

325 1621 552 1689 culum
587 1641 654 1708 p.
701 1620 864 1710 59):
932 1643 1001 1689 u.
1061 1621 1256 1690 Paul.
1301 1623 1347 1690 8
1403 1622 1551 1691 ‘sub
1605 1644 1772 1710 rege
1810 1622 2215 1696 Constantio
2262 1628 2585 1698 uniuerso
2636 1631 2887 1700 mundo

325 1743 550 1827 teste’,
623 1740 716 1810 ib.
789 1743 879 1810 10
953 1744 1108 1829 ‘quo
1173 1741 1468 1811 mundus
1535 1749 1822 1830 regatur
1876 1745 2211 1833 imperio’‚
2284 1765 2390 1834 ep.
2452 1750 2495 1816 8
2561 1749 2885 1838 ‘expolito

325 1860 462 1929 iam
514 1859 780 1929 artibus
832 1859 1134 1944 mundo’,
1189 1860 1348 1930 alia.

500 1979 691 2050 *mus
729 1977 910 2070 (scil.
952 1979 1297 2067 odoratUS,
1340 1979 1789 2068 Bisamthier)
1829 2003 1935 2070 ep.
1989 1987 2153 2072 127,
2198 1989 2237 2054 3
2266 1985 2580 2071 fragrare
2622 2009 2880 2076 mure,

334 2103 496 2187 130,
559 2105 646 2170 19
698 2099 1048 2187 peregrini
1099 2101 1316 2170 muris
1371 2101 1632 2172 olentes
1681 2101 2063 2189 pelliculas,

497 2221 780 2291 *neniae
857 2242 920 2310 q.
985 2221 1309 2308 ineptiae,
1383 2242 1494 2290 res
1564 2223 1969 2310 nugatoriae
2038 2225 2381 2314 (Hildebr.
2442 2227 2526 2296 ad
2588 2228 2759 2297 Arn.
2808 2251 2877 2317 p.

331 2339 504 2426 507)
556 2361 768 2428 saep,
819 2348 898 2410 ut
952 2341 1107 2411 adu.
1164 2341 1389 2411 Rufin.
1448 2341 1572 2428 III,
1633 2346 1725 2412 10
1783 2343 1936 2413 ‘nisi
1989 2344 2167 2414 forte
2220 2366 2352 2414 non
2405 2346 2537 2416 fuit
2584 2347 2881 2436 imprae-

326 2461 723 2549 sentiarum,
781 2461 901 2549 qui
951 2467 1106 2532 tuas
1153 2461 1550 2532 emendaret
1590 2461 1873 2550 nenias',
1948 2483 2053 2550 ep.
2118 2467 2282 2551 143,
2335 2469 2377 2534 2
2438 2469 2583 2535 ‘nec
2623 2469 2883 2555 grande

325 2586 434 2651 est
468 2581 914 2670 ineptissimis
951 2581 1170 2653 neniis
1209 2581 1671 2671 respondere’,
1728 2581 1885 2653 adu.
1932 2581 2147 2673 Vigil.
2208 2588 2247 2655 3
2292 2585 2404 2673 al.,
2448 2584 2671 2675 Capit.
2717 2588 2876 2659 Alb.

332 2707 446 2789 12,
507 2704 702 2792 Fulg.
760 2703 887 2791 Μ.,
943 2703 1026 2773 cf.
1084 2703 1349 2773 neniari
1403 2701 1674 2772 Dosith.

495 2825 806 2893 *nostras
883 2842 1110 2911 spec,
1183 2824 1226 2891 i.
1303 2830 1580 2893 nostrae
1649 2822 2003 2911 religionis
2068 2824 2227 2893 Did.
2300 2826 2466 2913 spir.
2544 2834 2756 2898 sanct.
2834 2836 2875 2901 2

325 2945 420 3013 ‘in
473 2943 898 3014 nostratibus
955 2944 1178 3013 literis
1234 2952 1303 3013 et
1356 2944 1544 3012 notio
1599 2944 1747 3013 eius
1802 2951 1871 3013 et
1924 2937 2331 3015 uocabulum
2386 2947 2731 3018 refertur'.

494 3064 960 3151 penitissimus
1025 3065 1208 3154 (post
1259 3083 1343 3151 pr
1399 3061 1600 3149 Gen„
1651 3062 1861 3151 App,
1916 3062 2175 3152 Amm.)
2230 3064 2301 3133 in
2344 3064 2479 3135 Tit.
2540 3071 2605 3154 3,
2666 3073 2707 3137 9
2761 3089 2879 3156 pe-

319 3184 681 3255 nitissimis
733 3184 1063 3271 sensibUS,
1117 3184 1334 3253 Macr.
1393 3183 1602 3272 (App.
1645 3190 1715 3252 et
1751 3181 2099 3269 penitior).
2190 3182 2374 3252 Nota
2411 3185 2568 3253 adu.
2605 3188 2879 3272 penitus

318 3306 410 3376 ab
465 3305 656 3375 Hier.
709 3305 949 3374 crebro
1001 3304 1337 3389 adhiberi,
1395 3324 1614 3391 neque
1668 3322 1885 3391 usque
1935 3287 2211 3372 seruata
2258 3304 2705 3393 proprietate,
2760 3328 2881 3376 ue-

318 3426 452 3494 luti
516 3426 581 3494 in
655 3424 780 3494 Ez.
853 3424 947 3493 IX
1009 3421 1116 3493 ad·
1165 3427 1281 3510 30,
1359 3427 1453 3493 20
1509 3442 1656 3511 sqq.
1730 3424 1829 3491 ‘ut
1880 3422 2156 3509 penitus
2210 3422 2410 3493 cadat
2464 3425 2734 3513 gladius
2795 3426 2879 3497 de

319 3565 528 3614 manu
583 3545 752 3613 eius’
807 3544 894 3613 al.
968 3527 979 3539 ⁶
1087 3525 1090 3528 ¹

493 3664 826 3750 *persona
889 3682 1108 3732 coner.
1169 3656 1270 3753 (3)
1323 3662 1394 3730 in
1452 3658 1649 3729 Cant.
1717 3662 1746 3729 1
1808 3660 1933 3729 col.
1992 3665 2132 3732 503
2214 3666 2535 3750 ‘quatuor
2586 3662 2755 3731 mihi
2808 3664 2877 3731 in

319 3784 430 3853 his
481 3782 722 3852 uideor
759 3783 1102 3852 inuenisse
1147 3800 1616 3871 pei-soum,
1672 3779 1897 3849 uirum
1938 3788 2006 3851 et
2040 3801 2381 3869 sponsam,
2441 3800 2590 3850 cum
2630 3802 2879 3868 sponsa

320 3902 890 3989 adulescentulam,
958 3922 1109 3971 cum
1176 3917 1422 3989 sponso
1475 3898 1810 3969 sodalium
1862 3902 2153 3989 greges’,
2220 3901 2377 3969 adu.
2434 3900 2659 3971 Rufin.
2717 3902 2771 3989 Ι,
2837 3906 2866 3971 1

323 4025 544 4113 ‘quasi
597 4025 666 4093 in
720 4022 1052 4111 personiS,
1111 4042 1243 4090 non
1291 4022 1358 4089 in
1413 4019 1620 4090 rebus
1675 4019 1766 4089 sit
1815 4021 2206 4107 accusatio’,
2263 4042 2319 4089 c.
2359 4020 2595 4109 Pelag.
2636 4022 2763 4109 111,
2810 4027 2873 4111 1,

319 4166 428 4233 ep.
489 4148 656 4231 123,
732 4146 820 4212 15
901 4143 1080 4231 ‘fuge
1139 4161 1489 4228 personas,
1559 4142 1630 4209 in
1699 4140 1945 4227 quibus
2011 4146 2238 4226 potest
2304 4139 2528 4210 malae
2594 4160 2877 4209 conuer-

319 4265 608 4334 sationis
661 4284 809 4334 esse
849 4261 1167 4349 suspicio'
1224 4260 1352 4348 al.;
1409 4260 1680 4347 saepius
1720 4260 1926 4329 etiam
1964 4258 2185 4335 utitur
2222 4258 2535 4329 formulis
2586 4280 2693 4344 eX,
2748 4258 2875 4327 sub

319 4488 408 4554 38,
449 4486 571 4539 adu.
609 4484 790 4537 Jouin.
829 4485 870 4553 Ι,
915 4487 995 4553 10,
1047 4499 1092 4536 c.
1130 4482 1308 4549 Pelag.
1345 4482 1420 4549 II,
1455 4484 1542 4549 20,
1579 4480 1679 4547 ΙΙΙ,
1717 4484 1751 4532 4
1787 4487 1842 4532 et
1881 4484 1945 4533 12
1982 4480 2071 4547 aL,
2106 4480 2331 4533 aliorum
2362 4480 2571 4547 afferre,
2612 4494 2709 4531 nec
2751 4477 2877 4529 tiro-

316 4572 474 4626 nibus
521 4573 778 4641 scribenS,
829 4578 882 4625 et
930 4576 1056 4625 nota
1102 4570 1289 4624 lectori
1335 4585 1452 4623 meo
1503 4568 1652 4637 (licet
1687 4584 1795 4624 non
1834 4568 2004 4622 cuiuis
2040 4567 2373 4635 artigrapho)
2420 4567 2684 4620 ruminare
2730 4564 2874 4619 fasti-

317 4662 485 4735 diens,
525 4662 684 4715 immo
719 4661 957 4730 horrenS,
995 4676 1134 4713 nuno
1171 4658 1383 4726 quidem
1417 4656 1751 4725 supersedeo,

2490 4762 2557 4818 6*
