3409 5300
61 1627 64 1696 l

61 1767 65 1916 l

1534 463 1655 526 145

319 671 506 743 idola
578 673 1048 745 destruantur'
1119 676 1233 767 (cf.
1298 675 1573 748 Ronsch
1640 698 1711 766 p.
1794 681 1962 766 297,
2029 677 2226 750 Neue
2293 679 2341 750 1.
2397 676 2444 750 l.
2505 681 2650 756 303
2719 693 2878 779 sq.),

316 792 768 880 interpretari
820 815 1047 883 saepe,
1100 815 1159 866 e.
1202 815 1257 864 c.
1298 796 1457 867 adu.
1495 795 1732 868 Jouin.
1772 796 1861 886 ΙΙ,
1909 802 1952 868 7
2011 797 2336 888 ‘Thmuis,
2394 801 2576 889 quod
2613 801 2881 874 inter-

320 921 743 1003 pretatur
806 914 1085 1002 hircus’,
1154 935 1211 986 c.
1268 917 1503 986 Ioann.
1564 922 1605 988 2
1660 924 1732 988 et
1785 923 1854 1007 4,
1928 940 2034 1007 ep.
2095 923 2213 1006 26,
2269 923 2318 988 4
2383 926 2456 991 et
2511 924 2629 1008 30,
2695 925 2760 1011 5,
2817 945 2874 992 c.

319 1033 555 1123 Pela-g.
614 1034 706 1123 II,
762 1037 880 1122 25,
932 1056 1039 1124 ep.
1101 1039 1218 1124 26,
1278 1041 1319 1106 2
1376 1037 1643 1108 ‘melius
1690 1059 1840 1108 esse
1895 1056 2030 1108 non
2079 1038 2544 1124 interpretata
2593 1062 2876 1132 ponere,

320 1173 525 1242 quam
576 1156 719 1226 uim
790 1176 1025 1226 eorum
1092 1157 1667 1245 interpretatione
1731 1161 2044 1230 tenuare’
2111 1160 2225 1248 aL,
2298 1159 2524 1230 Rufin.
2583 1161 2765 1249 apol.
2819 1163 2876 1252 Ι,

326 1280 453 1346 12;
514 1277 572 1346 si
626 1277 793 1365 quid
840 1279 1421 1367 interpretaretur
1466 1300 1508 1349 a
1555 1299 1685 1366 me,
1738 1279 1832 1349 id.
1891 1279 2086 1369 Orig.
2139 1279 2212 1349 in
2267 1279 2491 1352 Exod.
2530 1281 2710 1352 hom.
2761 1288 2877 1372 11,

326 1402 404 1467 1:
458 1396 578 1466 Sin
630 1399 922 1468 tentatio
994 1381 1499 1487 interpretatur
1564 1399 1653 1468 al.
1727 1399 1838 1486 (cf.
1887 1397 2141 1489 Georg.
2197 1398 2367 1470 Lex.
2427 1423 2480 1471 s.
2521 1423 2614 1490 u.,
2669 1403 2878 1474 etiam

321 1517 457 1587 HA
508 1539 575 1606 p.
638 1517 785 1606 50),
840 1516 1088 1605 largiri
1140 1517 1303 1588 Did.
1360 1519 1527 1607 spir.
1584 1525 1797 1590 sanct.
1857 1523 1904 1590 4
1983 1520 2075 1589 ‘in
2127 1519 2236 1590 his
2299 1519 2520 1609 boniS,
2593 1542 2770 1610 quae
2835 1541 2882 1591 a

318 1637 611 1708 Domino
660 1621 1111 1725 'largiuntur’,
1180 1638 1423 1726 Papin.
1482 1638 1642 1728 Dig.
1710 1639 1828 1720 (cf.
1883 1638 2078 1711 Neue
2135 1636 2332 1728 293),
2402 1647 2878 1730 transgressus

317 1779 496 1828 nom.
552 1759 681 1828 loc.
733 1758 928 1828 hebr.
985 1758 1111 1828 col.
1172 1762 1319 1830 230
1370 1758 1679 1831 Jordane
1732 1767 2190 1848 transgresso,
2246 1761 2318 1830 in
2369 1781 2472 1848 ps.
2517 1765 2560 1834 6
2620 1764 2878 1833 ‘omnes

314 1878 613 1948 uirtutes
648 1879 721 1946 in
758 1879 981 1965 primo
1028 1877 1303 1948 homine
1339 1885 1814 1968 transgressae
1849 1885 2010 1951 sunt
2043 1880 2192 1951 siue
2227 1880 2588 1968 perditae’,
2644 1881 2872 1954 Rufin.

318 1997 511 2087 Orig.
551 1999 623 2066 in
660 1998 855 2068 Rom.
894 1997 1019 2088 IV,
1061 2003 1109 2067 4
1154 2005 1633 2086 transgressae
1682 2000 1858 2088 legis
1873 1999 1942 2090 *)
1996 1999 2107 2082 (cf.
2147 1999 2343 2072 Neue
2381 1998 2580 2089 290),
2631 2003 2876 2072 uatici-

316 2121 471 2191 nari
519 2121 589 2190 in
644 2121 734 2191 Is.
787 2119 854 2191 V
906 2120 994 2190 ad
1054 2125 1166 2209 14,
1228 2124 1322 2192 28
1392 2122 1541 2192 ‘sub
1592 2121 1828 2192 Achaz
1882 2140 2098 2209 usque
2149 2119 2238 2189 ad
2289 2127 2728 2209 praesentem
2773 2122 2876 2194 lo-

318 2261 469 2312 cum
500 2295 516 2310 .
552 2297 566 2310 .
602 2243 875 2312 omnia.
911 2298 926 2312 .
958 2243 1337 2313 uaticinata
1407 2243 1897 2332 cognoscimus’
1965 2237 2168 2322 (nihil
2237 2240 2450 2314 habet
2509 2241 2726 2330 Neue,
2779 2285 2866 2292 --

318 2360 429 2450 Gg
476 2363 889 2434 uaticinasse
942 2361 1153 2452 Greg.
1213 2362 1432 2452 Tur.),
1492 2364 1679 2434 uesci
1735 2384 1842 2452 ep.
1885 2365 2003 2450 37,
2055 2365 2101 2432 4
2159 2360 2471 2450 ‘Ephesii
2505 2415 2520 2432 .
2553 2414 2569 2431 .
2595 2361 2685 2432 ab
2721 2362 2872 2452 ipso

316 2479 609 2552 Domino
681 2483 961 2554 coelesti
1028 2491 1401 2555 uescuntur
1465 2487 1693 2572 pane’,
1767 2491 1898 2554 act.
1951 2481 2138 2552 Tert.
2209 2481 2392 2573 (quis
2459 2503 2582 2554 nos
2642 2491 2874 2554 uescet

314 2621 491 2689 pane
508 2601 606 2692 ‘?);
659 2623 786 2691 pro
840 2604 1248 2692 quibusdam
1302 2626 1543 2676 rursus
1596 2603 2096 2693 deponentibus
2135 2601 2394 2673 formas
2435 2609 2726 2691 usurpat
2763 2624 2874 2675 ac-

314 2723 519 2811 tiuas,
574 2730 653 2793 ut
702 2746 769 2793 u.
818 2745 899 2812 c.,
952 2746 1089 2794 non
1142 2725 1418 2813 quidem
1470 2747 1668 2813 noue,
1726 2744 2170 2797 remunerare
2223 2745 2330 2812 ep.
2380 2726 2546 2812 123,
2609 2725 2650 2795 5
2710 2726 2768 2793 ‘r
2789 2746 2870 2795 e-

313 2864 557 2913 mune
579 2864 781 2915 rare
830 2851 1153 2934 parentes
1208 2852 1279 2916 et
1331 2845 1750 2918 sufficienter
1803 2847 1902 2917 eis
1955 2844 2312 2932 tribuere’,
2388 2849 2468 2914 ut
2517 2850 2588 2915 et
2639 2842 2866 2915 Rufin.

316 2961 509 3052 Orig.
580 2966 651 3033 in
722 2964 950 3035 Leuit.
1020 2967 1203 3035 hom.
1278 2969 1393 3051 16,
1452 2970 1533 3053 13
1606 3006 1695 3017 -—-
1769 2965 2063 3036 *mereri
2133 2964 2300 3053 (-re)
2371 2962 2870 3053 significatione

314 3080 720 3174 Hieronymi
788 3085 1215 3175 temporibus
1284 3087 1421 3155 iam
1490 3085 1906 3175 peruulgata
1972 3086 2018 3155 i.
2087 3085 2499 3173 impetrare,
2579 3084 2870 3173 adipisci

313 3201 564 3292 (Scrut.
621 3227 687 3293 p.
748 3209 843 3275 45
896 3206 1077 3297 sqq.)
1138 3208 1347 3277 etiam
1418 3206 1601 3296 apud
1660 3208 1887 3292 ipsum
1955 3225 2142 3294 saep.
2215 3204 2590 3293 inuenitur,
2656 3210 2734 3274 ut
2797 3204 2868 3275 in

311 3322 565 3395 Ezech.
625 3324 727 3395 III
780 3326 869 3395 ad
924 3330 990 3414 8,
1055 3329 1144 3397 18
1191 3331 1503 3415 ‘magnae
1555 3326 1900 3397 interdum
1957 3324 2313 3397 felicitatis
2365 3329 2472 3395 est
2525 3324 2615 3395 ad
2665 3344 2868 3412 prae-

311 3465 467 3515 sens
538 3446 1081 3517 misericordiam
1150 3468 1285 3516 non
1357 3448 1725 3533 mereri',
1787 3467 1894 3533 ep.
1963 3449 2098 3533 96,
2170 3448 2266 3516 20
2349 3447 2523 3513 ‘cum
2601 3444 2867 3533 angelis

309 3568 729 3637 merebimur
767 3568 1178 3638 dominicum
1215 3568 1470 3657 pascha
1506 3568 1881 3639 celebrare'
1905 3566 2036 3655 **),
2079 3564 2200 3635 sed
2238 3564 2333 3635 ib.
2371 3563 2491 3634 inf.
2531 3564 2870 3637 solitanea

310 3684 809 3775 significatione
862 3688 1329 3777 (verdienen)·:
1394 3688 1491 3757 sic
1536 3686 1957 3759 merebimur
2009 3686 2320 3773 accipere
2370 3704 2586 3771 regna
2647 3684 2868 3755 coelo-

310 3826 462 3875 rum
516 3808 637 3896 (sc.
690 3808 1101 3895 praebentes
1153 3830 1277 3878 nos
1326 3808 1623 3899 dignos),
1680 3814 1753 3878 et
1803 3808 1903 3877 ita
1955 3826 2225 3895 quoque
2265 3824 2478 3892 saep„
2532 3810 2611 3873 ut
2647 3825 2756 3892 ep.
2795 3808 2866 3891 3,

315 3928 355 3993 5
413 3930 516 3996 ‘ut
563 3925 668 3995 illi
720 3927 989 3998 tribuas
1040 3930 1443 4017 praemium,
1512 3926 1693 4016 quod
1756 3928 2108 4012 meretur’,
2183 3927 2248 4012 7,
2309 3929 2380 4009 2,
2445 3923 2519 3992 in
2571 3923 2740 3994 Luc.
2794 3924 2864 3995 h.

312 4048 405 4115 25
462 4047 593 4136 al.;
651 4049 910 4138 alioqui
962 4052 1169 4120 etiam
1221 4052 1543 4121 meritum
1598 4050 1816 4120 subst.
1861 4048 1910 4117 i.
1951 4047 2276 4135 dignitaS,
2333 4044 2655 4134 qualitaS,
2711 4065 2872 4132 pre-

486 4246 541 4315 *)
579 4246 757 4301 Rufin.
792 4264 961 4315 pass.
1000 4256 1053 4301 et
1090 4254 1403 4303 consecutus
1440 4250 1585 4317 Orig.
1610 4248 1665 4301 in
1692 4245 1848 4299 Rom.
1877 4244 2026 4315 VIII,
2065 4248 2096 4297 6
2137 4241 2250 4311 ‘qui
2286 4245 2408 4310 post
2442 4243 2869 4293 consecutam

305 4332 529 4399 gratiam
574 4335 798 4405 peccat’‚
849 4336 1071 4390 intuitus
1119 4344 1171 4391 et
1216 4337 1603 4407 contemplatus
1651 4335 1721 4389 id.
1771 4334 1996 4403 Pamph.
2043 4348 2140 4401 pro
2188 4329 2334 4395 Orig.
2373 4332 2404 4383 3
2443 4328 2516 4382 in.
2567 4326 2866 4381 ‘intuitis

306 4424 563 4477 creaturis
602 4424 716 4479 eius
754 4424 1069 4495 uisibilibuS,
1116 4425 1221 4480 fide
1266 4442 1478 4495 quoque
1524 4425 1880 4481 inuisibilibus
1925 4418 2415 4487 contemplatis'
2457 4416 2868 4486 (contemplatus

305 4515 360 4563 et
396 4510 491 4564 inf.
529 4511 729 4567 intueri
764 4529 905 4582 pass.
944 4520 997 4569 et
1035 4516 1250 4586 Amm.),
1288 4517 1607 4585 deprecatus
1643 4514 1790 4583 Orig.
1826 4514 1996 4581 princ.
2034 4510 2170 4580 prol.
2207 4526 2260 4576 p.
2297 4510 2352 4575 9,
2391 4518 2758 4574 supergressus
2795 4504 2867 4559 ib.

304 4599 377 4668 ΙΙ,
418 4602 469 4666 3,
511 4605 543 4654 7
583 4602 782 4673 (Pali).

458 4688 543 4758 **)
582 4691 668 4744 Sic
702 4692 998 4759 promereri
1035 4709 1117 4761 ep.
1160 4700 1185 4747 1
1230 4711 1311 4748 ex.
1359 4695 1755 4763 ‘imperatorem
1800 4692 1928 4763 adit,
1951 4732 1966 4747 .
1985 4732 1999 4746 .
2019 4686 2376 4746 sollicitudine
2420 4688 2863 4753 promeretur,

302 4785 365 4835 ut
398 4778 663 4834 redditam
700 4783 845 4835 uitae
881 4782 1127 4838 redderet
1163 4782 1434 4840 libertati’.
2442 4794 2510 4845 10
