3409 5300
328 699 457 766 Pag.
498 702 564 753 72
601 699 638 753 l.
676 701 709 753 6
746 699 813 754 ab
852 699 887 752 i.
923 714 1053 753 scr.:
1091 699 1181 752 Du
1218 697 1395 766 Gange

380 812 402 838 »
495 792 563 842 77
600 789 749 843 add.:
791 789 1288 858 12⁸perstultus
1325 785 1432 858 (G),
1506 842 1510 848 ,

588 877 646 930 it.
685 876 741 930 in
775 893 829 932 n.
868 881 918 930 4:
965 893 1047 946 ep.
1089 881 1174 944 18,
1223 883 1247 930 1
1302 877 1410 944 ‘qui
1449 877 1497 930 ei
1538 876 1728 946 (Oziae
1761 876 1898 946 regi)
1937 878 1992 930 in
2030 877 2220 931 ceteris
2257 877 2504 944 gentibus
2541 878 2649 932 sint
2685 879 2890 944 coaeui,

380 987 403 1012 ι
493 968 560 1019 79
599 964 745 1020 add.:
792 967 1019 1034 *corpus
1053 967 1125 1020 al.
1168 967 1307 1020 Text
1354 967 1501 1034 (opp.
1550 972 1710 1020 notae
1759 965 2101 1036 marginales)
2139 983 2222 1035 ep.
2264 970 2382 1036 106,
2421 971 2489 1020 46
2530 967 2723 1036 ‘miror,
2765 983 2892 1035 quo-

680 1055 836 1108 modo
876 1070 909 1108 a
946 1055 1113 1108 latere
1150 1055 1544 1108 annotationem
1582 1062 1814 1109 nostram
1853 1056 2031 1108 nescio
2070 1055 2188 1124 quis
2219 1055 2531 1109 temerarius
2561 1055 2892 1110 scribendam

680 1143 735 1195 in
773 1158 1056 1211 corpore
1094 1144 1397 1212 putauerit.
1419 1184 1433 1197 .
1455 1144 1613 1212 unde,
1653 1143 1699 1197 si
1739 1144 1868 1212 quid
1904 1160 2002 1212 pro
2039 1145 2217 1198 studio
2253 1158 2282 1196 e
2323 1145 2490 1198 latere
2525 1144 2765 1200 additum
2792 1151 2890 1212 est,

681 1247 787 1284 non
828 1231 983 1286 debet
1018 1233 1146 1301 poni
1184 1231 1238 1284 in
1275 1231 1535 1300 corpore’.

384 1345 407 1369 2
500 1323 569 1373 80
605 1319 752 1374 add:
798 1320 1130 1374 hebdomada
1170 1321 1346 1392 (Gell.,
1385 1321 1559 1390 CenS.)
1610 1337 1693 1390 ep.
1737 1325 1855 1390 100,
1896 1327 1959 1375 17
2014 1322 2395 1377 ‘hebdomadae
2445 1323 2739 1378 dominicae
2775 1339 2892 1392 pas-

678 1409 843 1463 sionis
882 1410 1191 1480 (incipient)
1226 1418 1377 1465 sexta
1414 1411 1618 1464 decima
1655 1411 1848 1466 mensis
1887 1411 2244 1482 Pharmuthi',
2283 1428 2392 1480 reg.
2434 1413 2686 1467 Pachom.
2723 1411 2828 1481 prf.
2858 1416 2890 1466 2

627 1548 630 1552 .
682 1498 755 1550 ‘in
791 1498 1241 1553 hebdomadarum
1278 1501 1569 1555 ministerio
1607 1501 1707 1555 sibi
1745 1501 2035 1555 succedant
2069 1517 2166 1568 per
2208 1501 2487 1572 ord'inem’,
2537 1502 2610 1558 ib.
2649 1505 2681 1556 5
2720 1501 2800 1555 bis
2839 1501 2894 1554 in

677 1586 1027 1656 hebdomada,
1065 1603 1175 1654 reg.
1218 1595 1265 1658 1,
1308 1594 1391 1659 12,
1438 1593 1518 1659 15,
1559 1591 1614 1643 in
1649 1591 1719 1644 Is.
1759 1590 1812 1642 II
1848 1590 1915 1644 ad
1955 1593 2005 1654 3,
2047 1593 2078 1643 3
2118 1591 2207 1659 aL,
2258 1591 2549 1658 'eademque
2586 1591 2890 1658 metaplasi:

677 1675 885 1730 decada
924 1674 978 1729 in
1016 1675 1113 1730 Ez.
1138 1677 1244 1730 XII
1282 1678 1349 1732 ad
1387 1682 1472 1746 41,
1503 1681 1536 1732 8
1567 1695 1682 1746 sqq.
1721 1685 1924 1747 septem
1965 1678 2284 1733 decadarum
2321 1679 2410 1749 aL,
2451 1679 2712 1750 lampada
2751 1695 2890 1733 nom.

674 1766 821 1819 hebr.
861 1766 964 1819 col.
1006 1770 1109 1818 112
1150 1765 1510 1835 lampadarum
1553 1766 1649 1836 aL,
1700 1765 1932 1820 Sirena
1977 1782 2060 1834 ep.
2100 1773 2187 1836 22,
2231 1772 2297 1822 18
2344 1769 2618 1823 mortifero
2657 1771 2892 1835 carmine

678 1854 1000 1924 Sirenarum,
1042 1869 1087 1907 c.
1126 1853 1305 1910 Jouin.
1345 1857 1386 1925 I,
1416 1860 1467 1926 4,
1503 1857 1762 1910 Eleusina
1799 1857 1920 1910 adu.
1960 1854 2144 1910 Jouin.
2181 1854 2252 1923 ΙΙ,
2297 1861 2364 1909 14
2401 1856 2728 1925 Eleusinam,
2769 1871 2891 1911 -nae

683 1944 776 2013 (ef.
816 1943 884 1998 3*
921 1961 973 2012 p.
1014 1945 1123 2012 48).
1701 1951 1705 1956 ’
2693 1957 2696 1962 ·
2904 1934 2909 1939 “

375 2057 398 2082 »
492 2035 554 2087 81
597 2033 665 2087 ad
706 2033 1011 2101 ‘impendio’
1039 2033 1191 2088 add.:
1228 2047 1384 2100 saepe
1423 2034 1687 2104 (exemplo
1717 2035 1929 2105 quidem
1958 2035 2220 2104 priorum)
2259 2035 2463 2103 liquido
2491 2036 2634 2104 adu.,
2673 2042 2733 2088 ut
2761 2036 2890 2090 Did.

675 2125 801 2190 spir.
840 2129 973 2176 snct.
1014 2127 1079 2176 17
1120 2123 1206 2175 ‘ex
1244 2138 1349 2189 quo
1387 2122 1421 2176 J.
1460 2123 1797 2191 ostenditur’‚
1847 2125 1903 2178 in
1951 2126 2022 2193 Is,
2061 2126 2087 2177 Ι
2139 2123 2206 2178 ad
2255 2130 2300 2194 1,
2346 2130 2369 2177 1
2424 2125 2502 2177 ‘ut
2536 2125 2571 2178 l.
2609 2124 2886 2193 appareat’

676 2213 735 2280 (l.
771 2219 995 2280 apparet
1030 2211 1181 2266 Lact.
1217 2211 1342 2264 inst.
1378 2211 1478 2279 IV,
1514 2215 1600 2280 24,
1646 2213 1753 2282 19).
2069 2279 2077 2290 .

378 2325 399 2350 ι
488 2305 557 2355 85
598 2301 745 2356 add.:
796 2302 1098 2370 *reciproce
1143 2301 1379 2355 transl.
1431 2301 1553 2355 Did.
1592 2302 1720 2369 spir.
1757 2309 1890 2356 snct.
1930 2305 1997 2356 32
2046 2303 2118 2356 ‘in
2157 2303 2342 2357 eadem
2381 2304 2688 2371 operatione
2726 2320 2888 2358 unam

678 2407 793 2445 esse
840 2390 1219 2459 substantiam,
1274 2396 1327 2442 et
1376 2389 1730 2458 reciproce
1783 2407 1966 2446 eorum
2014 2407 2151 2460 quae
2189 2377 2507 2458 ὄμθθύῦια
2544 2398 2668 2446 sunt
2705 2409 2886 2460 opera-

674 2481 873 2534 tionem
912 2496 1017 2533 non
1054 2493 1167 2534 esse
1206 2478 1509 2548 diuersam’,
1547 2479 1718 2535 Prisc.

582 2569 785 2624 ³'‘saliua
820 2573 1031 2637 meton„
1074 2573 1133 2621 ut
1171 2583 1216 2622 c.
1254 2568 1439 2622 Ioann.
1480 2571 1513 2621 9
1552 2567 1629 2620 ‘ut
1649 2609 1662 2622 .
1686 2609 1699 2622 .
1724 2571 1898 2624 omnia
1934 2586 2042 2625 una
2077 2567 2246 2625 saliua
2284 2570 2659 2640 continuares’,
2694 2572 2762 2624 al.
2803 2587 2885 2640 ep.

674 2662 763 2727 84,
806 2664 867 2712 11
911 2659 1067 2713 ‘unde
1105 2659 1288 2728 sciam,
1329 2658 1471 2727 quod
1509 2658 1774 2728 Pamphili
1811 2660 1918 2713 sit?
1955 2658 2204 2713 uidelicet
2230 2660 2384 2713 stilus
2413 2666 2466 2713 et
2494 2660 2665 2714 saliua
2691 2661 2886 2717 ducere

675 2766 759 2802 me
796 2748 1011 2817 poterit’
1051 2750 1118 2803 al.

578 2838 785 2891 *senior
816 2854 922 2906 pro
960 2837 1129 2892 maior
1165 2844 1294 2893 natu
1334 2853 1416 2905 ep.
1455 2842 1543 2906 21,
1584 2840 1653 2891 28
1690 2838 1848 2893 ‘nunc
1886 2839 1955 2893 ad
1993 2839 2258 2893 seniorem
2295 2836 2465 2891 filium
2501 2855 2674 2893 sermo
2711 2845 2882 2894 trans-

672 2925 947 2993 greditur’,
989 2931 1057 2980 34
1095 2926 1217 2997 (DV
1255 2926 1409 2980 affert
1442 2932 1652 2981 tantum
1692 2927 2077 2982 ‘Maximianus
2113 2927 2310 2981 senior'
2350 2928 2549 2998 insen).

376 3038 397 3062 »
476 3018 545 3069 86
583 3015 735 3069 add.:
776 3014 1070 3083 *spinetum
1108 3016 1296 3069 trusl.
1334 3014 1457 3068 adu.
1495 3014 1673 3069 Rufin.
1713 3018 1756 3084 I,
1801 3019 1864 3070 16
1903 3016 1970 3071 al.
2011 3016 2103 3084 (cf.
2141 3018 2264 3085 Gg).

374 3126 394 3151 »
472 3107 541 3157 90
579 3104 614 3157 l.
657 3107 721 3157 16
758 3119 886 3157 sen:
925 3105 1312 3157 haereticorum

372 3216 394 3241 2>
474 3196 543 3247 95
580 3193 619 3248 l.
658 3196 689 3245 2
727 3192 847 3246 add.
886 3193 1163 3261 potionare
1201 3194 1278 3261 (et
1316 3193 1366 3247 S.
1405 3192 1499 3261 S.),

577 3282 611 3335 l.
654 3286 719 3335 10
772 3306 795 3330 ι
882 3281 1160 3335 *comitari
1196 3282 1338 3336 uiam
1376 3281 1600 3335 alicuius
1638 3283 1723 3350 (ut
1759 3281 1860 3335 iter
1887 3282 2072 3350 Verg.)
2111 3298 2193 3351 ep.
2237 3284 2356 3351 148,
2392 3286 2458 3335 10
2496 3282 2556 3337 ‘si
2595 3284 2882 3338 multorum

673 3370 987 3424 comitamur
1022 3370 1204 3437 uiam’,

369 3483 391 3507 ι»
471 3462 541 3514 97
579 3461 613 3514 l.
658 3464 722 3514 16
761 3476 862 3514 scr.
901 3459 1203 3514 aedificanti

577 3566 628 3603 n.
668 3554 699 3603 3
738 3548 888 3603 add.:
938 3548 1061 3603 fort.
1111 3557 1165 3603 et
1214 3549 1579 3604 castrametari
1631 3549 1983 3617 coniunctim,
2032 3556 2095 3603 ut
2129 3566 2270 3603 nom.
2307 3552 2409 3604 loc.
2447 3550 2596 3603 hebr.
2633 3550 2736 3604 col.
2779 3552 2880 3603 155

678 3639 874 3691 ‘Aneth
919 3638 1065 3705 fona,
1121 3638 1262 3706 apud
1317 3654 1472 3705 quem
1529 3638 1744 3692 Gedeon
1799 3644 2206 3693 castrametatus
2261 3638 2360 3691 est'
2419 3620 2881 3707 (παρενέβαλκε)

672 3735 725 3780 et
761 3742 923 3796 saep.,
960 3727 1131 3794 Jorn.,
1173 3726 1409 3781 Cassiod.
1447 3727 1568 3781 hist.
1606 3728 1731 3798 trip.
1756 3729 1800 3795 Ι,
1835 3732 1868 3783 6
1907 3727 2053 3781 ‘dum
2091 3733 2277 3781 contra
2315 3728 2646 3781 Maxentium
2685 3732 2882 3781 castra-

674 3816 998 3870 metaretur’.

368 3930 390 3955 »
452 3911 551 3959 102
590 3906 711 3961 add.
750 3906 815 3959 ad
855 3906 1274 3961 succenturiare:
1317 3908 1395 3975 (et
1430 3906 1608 3961 Hier.:
1650 3910 1683 3961 9
1723 3924 1775 3974 p.
1815 3909 1917 3960 883
1957 3905 2105 3974 ann.)

578 4003 630 4049 et
668 3997 703 4049 l.
744 4000 837 4049 20:
877 3996 1213 4065 reaccinyere
1250 3994 1455 4049 Paulin.
1493 3995 1679 4049 bened.
1717 4001 1854 4063 patr.
1894 3999 1942 4063 7,
1984 4000 2033 4062 1,

372 4106 395 4131 »
450 4090 549 4139 103
589 4085 623 4139 l.
660 4085 759 4139 ult.
799 4083 947 4138 add.:
996 4084 1113 4138 sim.
1163 4100 1275 4139 esse
1320 4084 1720 4152 inter..saep.,
1769 4090 1830 4137 ut
1875 4084 1929 4136 in
1975 4083 2126 4137 Eccl.
2166 4087 2196 4137 3
2247 4084 2347 4137 col.
2386 4086 2490 4137 416
2541 4084 2662 4137 ‘hoc
2707 4084 2880 4137 solnm

674 4174 812 4228 inter
849 4172 1087 4227 homines
1125 4180 1177 4227 et
1214 4175 1479 4228 iumenta.
1504 4215 1517 4228 .
1538 4190 1668 4242 esse,
1710 4174 1836 4241 quia
1871 4188 1968 4226 nos
1996 4172 2280 4240 loquimur,
2322 4172 2414 4226 illa
2447 4180 2572 4226 sunt
2601 4172 2784 4241 muta',
2825 4173 2879 4226 in

673 4264 815 4331 Eph.
854 4262 880 4315 Ι
918 4264 986 4317 ad
1024 4267 1075 4329 2,
1119 4268 1143 4315 1
1185 4278 1300 4330 sqq.
1340 4263 1498 4316 ‘inter
1534 4270 1809 4331 peccatum
1848 4264 2022 4317 carnis
2060 4268 2114 4315 et
2149 4262 2404 4316 mentium
2441 4262 2542 4316 hoc
2581 4277 2694 4316 esse
2731 4266 2878 4329 puto,

673 4352 815 4420 quod
835 4393 848 4406 .
871 4350 905 4405 .‘
945 4352 1013 4407 al.

374 4462 397 4489 2»
459 4442 559 4493 115
596 4440 717 4494 add.
754 4441 823 4494 ad
859 4440 1219 4510 superlucere:
1264 4439 1433 4510 (Hier.
1472 4440 1525 4494 in
1566 4442 1679 4496 Pa:
1721 4441 1805 4512 D),

371 4552 393 4577 »
452 4534 551 4583 117
589 4529 740 4584 add.:
780 4529 1193 4584 circ-ammittere
1230 4529 1398 4598 Caes„

372 4644 395 4668 ›>
454 4623 553 4673 119
593 4618 744 4673 adda
781 4621 1168 4689 superoperari
1202 4620 1403 4687 Euagr.
1441 4625 1573 4673 sent.
1612 4621 1681 4674 ad
1719 4620 1895 4674 fratrr.
1933 4637 1986 4689 p.
2030 4623 2184 4689 1184,

367 4733 390 4758 2
447 4713 545 4763 123
585 4709 707 4765 add.
758 4709 825 4764 ad
874 4710 1213 4777 acquiescere
1264 4724 1414 4763 anna
1464 4708 1541 4761 *c.
1584 4708 1691 4763 dat.
1727 4707 2096 4777 beipflichten,
2145 4707 2550 4762 einverstanden
2597 4707 2708 4761 sein
2755 4707 2872 4776 mit,

2488 4817 2553 4867 12
