3409 5300
1757 463 1843 525 4⁶

522 675 654 764 41)
705 674 821 760 aL,
891 672 986 744 al.
1039 670 1346 762 Sprache
1397 679 1504 762 ep.
1567 669 1688 760 64,
1751 677 1839 742 19
1898 676 2046 761 ‘pro
2093 693 2289 743 cocco
2342 674 2539 744 iuxta
2594 675 2886 745 latinum
2942 673 3084 746 elo-

515 796 752 884 quium
786 793 990 882 ,apud
1043 793 1399 864 Hebraeos
1452 793 1724 864 tholath
1776 792 1845 863 id
1897 800 2003 863 est
2060 791 2477 864 uermiculus
2530 795 2902 884 scribitur⁹,
2973 816 3080 887 ep.

525 918 692 1003 120,
733 896 892 984 (11*-
919 913 1332 984 ‘diuinorum
1401 933 1721 984 sensuum
1806 913 2235 985 maiestatem
2310 913 2517 1002 digno
2587 932 2724 984 non
2808 921 3085 1004 poterat

521 1035 749 1121 graeci
817 1033 1070 1122 eloquii
1142 1032 1489 1122 explicare
1557 1051 1892 1116 sermone,
1962 1032 2269 1104 habebat
2342 1051 2511 1122 ergo
2562 1029 2829 1104 Titum·
2866 1037 3083 1106 inter-

516 1155 808 1241 pretem’
847 1152 936 1222 al.
999 1152 1342 1244 (exemplo
1396 1157 1566 1223 uett.
1620 1173 1688 1241 q.
1749 1173 1967 1240 genus
2012 1151 2301 1240 dicendi,
2340 1153 2752 1243 eloquentia
2806 1175 2915 1244 ep.
2962 1160 3079 1245 58,

521 1276 568 1342 8
621 1276 834 1360 genius
901 1272 1157 1362 eloquii
1201 1286 1528 1361 pressum
1593 1279 1665 1343 et
1720 1273 2049 1360 nitidum,
2134 1269 2291 1343 adu.
2347 1273 2600 1345 Heluid
2661 1279 2701 1344 2
2752 1275 3081 1348 rhetorici

519 1393 796 1483 eloquii,
853 1393 1012 1464 adu.
1069 1390 1426 1479 Rufimn,
1461 1393 1510 1464 9
1572 1393 1664 1464 ‘et
1718 1393 2019 1464 auctoris
2072 1393 2441 1482 eloquium,
2496 1395 2641 1465 stili
2691 1398 3081 1485 proprietas

521 1511 974 1584 demonstraet’
1028 1513 1148 1602 (sc.
1205 1511 1580 1582 Nouatiani
1631 1509 2117 1603 esse-librum)
2154 1513 2268 1601 al.,
2318 1514 2401 1585 cf.
2444 1514 2575 1586 HA
2617 1533 2683 1602 p.
2730 1517 2939 1606 119);
2986 1554 3075 1568 -—-

517 1630 934 1720 *hospitium
986 1630 1329 1702 interdum
1385 1627 1587 1708 alm.
1640 1651 1927 1722 promus
1977 1651 2105 1721 pro
2156 1633 2610 1723 domicilium,
2682 1637 2944 1726 domus),
3002 1645 3081 1708 ut

521 1773 630 1840 ep.
671 1755 792 1841 22,
833 1753 928 1824 37
988 1751 1440 1840 ‘egredientes
1491 1750 1606 1824 de·
1626 1753 1929 1842 hospitio
1966 1761 2205 1834 armet
2228 1757 2475 1844 oratio,
2531 1750 3081 1843 regredientibus

521 1871 608 1942 de
665 1871 910 1959 platea
972 1871 1216 1942 oratio.
1263 1880 1582 1944 occurrat
1653 1881 1816 1946 ante
1868 1894 2072 1966 qnam
2122 1876 2385 1964 sessio’‚
2447 1877 2517 1946 in
2570 1875 2716 1947 Jer.
2776 1877 2810 1947 Ι
2858 1877 2953 1948 ad
2998 1882 3075 1965 ·4·,

527 1995 616 2062 19
673 2012 774 2079 sq.
847 1991 937 2060 ‘in
1007 1991 1334 2079 praedam
1397 1993 1697 2065 hostium
1762 2017 1917 2068 mea
1994 1993 2332 2087 quondum
2396 2015 2687 2068 cessere·
2730 1997 3076 2086 hospitia),

521 2131 630 2198 ep.
695 2115 860 2199 117,
912 2117 959 2183 4
1025 2111 1213 2202 (hinc
1274 2113 1857 2201 Neograecienses
1926 2117 2091 2206 spiti
2143 2158 2222 2180 =
2257 2116 2518 2203 domuS,
2592 2116 2675 2188 cf.
2746 2124 2817 2188 et
2876 2117 3079 2189 Dietz

521 2231 808 2303 Roman.
865 2232 1215 2304 Worterb.
1269 2234 1300 2302 1
1351 2255 1421 2322 p.
1481 2234 1695 2323 298);
1751 2275 1853 2288 ——-—
1917 2237 2295 2325 *palatium
2360 2235 2612 2324 appell.
2682 2237 2753 2306 in
2812 2237 2963 2309 Jer.
3014 2233 3081 2308 V

522 2351 610 2423 ad
663 2353 788 2440 26,
847 2356 928 2422 11
987 2354 1127 2443 ‘qui
1185 2354 1272 2426 de
1333 2357 1521 2444 regis
1571 2353 1835 2444 palatio
1898 2355 1985 2427 ad
2050 2356 2379 2444 templum
2443 2359 2935 2444 cucurrerant’,
2970 2349 2976 2356 ’
3008 2359 3078 2428 iu

519 2470 774 2546 Mutth.
832 2471 900 2542 ΙΙ
954 2473 1042 2544 ad
1096 2477 1209 2562 11,
1255 2478 1297 2546 7
1348 2475 1566 2549 ‘aulas
1609 2497 1851 2565 regum
1908 2485 1977 2548 et
2028 2473 2335 2546 mollium
2391 2476 2740 2548 hominum
2793 2473 3080 2565 palatia’

521 2603 717 2685 (serr.
773 2593 933 2665 hist.
989 2595 1169 2685 Aug.
1227 2595 1360 2667 HA
1411 2617 1478 2687 p.
1541 2599 1704 2687 145,
1754 2594 1998 2667 Claud.
2052 2595 2153 2667 VI
2202 2615 2384 2667 cons.
2444 2591 2623 2667 Hon.
2677 2600 2863 2668 409:
2925 2615 3083 2669 ›mea

521 2730 697 2801 quae
751 2716 1012 2785 cunctis
1076 2716 1387 2788 tribuere
1433 2716 1706 2789 Palatia
1771 2714 2085 2805 nomen);
2143 2756 2237 2767 —-
2308 2714 2789 2805 *priuilegium
2844 2758 2925 2781 ι·-
2975 2716 3081 2787 ius

519 2835 962 2925 praecipuum
1033 2836 1282 2907 transl.
1339 2838 1409 2906 in
1462 2836 1671 2907 Zach.
1730 2835 1833 2908 111
1888 2835 1974 2905 ad
2031 2839 2145 2921 12,
2211 2840 2292 2905 11
2353 2854 2504 2923 sqq.
2566 2835 2891 2923 ‘reliquas
2950 2839 3079 2909 tri-

520 2954 649 3025 bus
696 2956 936 3045 tacuit,
1006 2975 1183 3047 quae
1229 2978 1363 3027 non
1415 2954 1672 3027 habent
1720 2954 1999 3043 aliquod
2047 2953 2495 3043 priuilegium
2546 2954 2957 3043 dignitatis’,
3009 2957 3079 3026 in

523 3074 649 3145 Ez.
706 3075 879 3146 XIV
929 3078 1017 3149 ad
1069 3081 1190 3164 48,
1250 3080 1338 3148 10
1393 3095 1540 3164 sqq.
1600 3073 1971 3163 priuilegio
2043 3074 2337 3144 nominis
2392 3075 2731 3163 contenti,
2802 3074 2891 3145 ad
2958 3079 3080 3162 46,

528 3197 557 3264 1
616 3216 789 3285 sqq.,
848 3194 950 3265 Cl.
1010 3196 1221 3267 Mam.
1279 3190 1418 3283 (3);
1483 3236 1566 3245 —-·
1631 3194 2110 3285 *refrigerium
2162 3195 2492 3267 transl.
2547 3195 2945 3284 (praecipue
2997 3194 3083 3265 de

521 3321 708 3387 statu
776 3315 1134 3387 beatorum
1196 3322 1356 3403 post
1405 3312 1727 3397 mortem)
1780 3313 1939 3386 adu.
1997 3314 2209 3403 Vigil.
2271 3318 2335 3387 6.
2383 3315 2453 3385 in
2507 3314 2655 3387 loco
2708 3314 3077 3403 refrigerii,

519 3435 590 3503 in
653 3433 800 3505 Jer.
855 3434 921 3503 11
987 3433 1076 3504 ad
1151 3437 1218 3521 6,
1299 3439 1386 3506 16
1460 3456 1612 3525 sqq.
1683 3440 1755 3505 et
1816 3452 2046 3522 saep.;
2106 3472 2195 3485 —-—
2254 3433 2621 3506 *solatium
2684 3454 2860 3503 noue
2930 3453 3077 3523 syn.

523 3552 987 3623 adiumentum
1046 3550 1320 3635 (Claud.
1377 3556 1448 3623 in
1501 3554 1706 3625 Eutr.
1762 3552 1857 3641 ΙΙ,
1917 3553 2093 3635 355)
2148 3552 2216 3623 in
2272 3552 2459 3624 Eccl.
2519 3554 2564 3623 4
2615 3554 2740 3623 col.
2799 3558 2944 3625 422
3001 3554 3083 3624 ‘si

523 3672 871 3745 robustior
941 3673 1256 3747 inimicus
1311 3675 1465 3763 quis
1512 3681 1751 3747 contra
1801 3696 2009 3746 unum
2066 3673 2469 3760 surrexerit,
2540 3674 3082 3745 imbecillitatem

523 3793 832 3863 alterius·
864 3791 1065 3863 amici
1119 3794 1366 3865 solatio
1415 3796 1843 3882 sustentari’,
1896 3814 2002 3882 ep.
2062 3796 2228 3882 120,
2290 3797 2371 3863 11
2406 3796 2541 3863 ·‘ut
2593 3794 2937 3864 inueniret
2987 3792 3084 3861 ibi

523 3910 752 3981 Titum
817 3917 888 3981 et
953 3910 1244 3984 haberet
1311 3913 1906 4003 interpretationis
1951 3913 2430 4005 euangeliique
2486 3910 2560 3993 (i.
2619 3935 2677 3983 e.
2737 3912 3085 4000 euangeli-

522 4030 726 4100 zandi
780 4010 1094 4113 Graecis)
1148 4010 1517 4121 solatium’,
1589 4033 1747 4103 adu.
1805 4033 2018 4123 Vigil.
2075 4037 2117 4105 7
2176 4036 2431 4103 ‘cereos
2484 4031 2935 4119 accendimuS,
3010 4040 3087 4102 ut

523 4150 744 4219 noctis
811 4151 1170 4223 tenebras·
1203 4152 1332 4222 hoc
1397 4152 1644 4223 solatio
1695 4156 2204 4242 temperemus’,
2270 4148 2364 4222 ib.
2432 4155 2545 4239 14,
2600 4174 2669 4222 u.
2726 4151 2981 4222 Malch.
3041 4157 3082 4223 9

525 4268 612 4342 al.
698 4270 1026 4352 (ceterum
1098 4279 1175 4345 ut
1236 4273 1444 4363 uulgo
1515 4294 1575 4343 e.
1649 4293 1704 4342 c.
1774 4274 1845 4343 in
1918 4270 2105 4343 Eccl.
2165 4271 2209 4343 7
2264 4271 2389 4342 col.
2471 4274 2613 4343 445
2671 4270 2819 4365 aL),
2875 4270 3084 4359 Aug„

523 4398 733 4480 posit.
786 4384 865 4480 (4
912 4413 979 4479 p.
1040 4392 1238 4483 342),
1307 4393 1468 4465 sim.
1539 4392 1879 4465 consolari
1952 4414 2061 4481 ep„
2118 4396 2237 4481 30,
2293 4397 2333 4463 2
2411 4397 2532 4479 ‘ut,
2604 4392 2662 4461 si
2730 4392 2803 4463 in
2856 4392 3087 4481 aliquo

521 4511 703 4582 forte
727 4558 732 4561 -
754 4512 1188 4601 titubans-risi,
1243 4512 1659 4583 obliuionem
1711 4512 1917 4583 lectio
1969 4512 2404 4583 consoletur’.
