3409 5300
1717 451 1840 510 170

494 658 719 724 bened.
756 659 804 740 Ι,
852 663 889 720 3
937 659 1039 740 al.,
1088 659 1168 723 al.
1219 658 1281 722 in
1332 659 1484 723 Leu.
1528 663 1628 740 16,
1665 663 1701 723 3
1756 659 1830 724 ‘si
1879 662 2057 723 terra
2101 658 2483 724 natiuitates
2521 679 2680 726 suas
2725 663 3063 742 producat'

495 765 621 813 sec.
670 749 824 812 Leu.
878 753 979 826 26,
1034 755 1093 828 4,
1152 747 1263 812 ubi
1311 746 1530 826 Vulg.:
1586 765 1848 827 germen
1905 767 2110 830 suum,
2175 749 2474 828 nigredo:
2537 751 2599 812 in
2653 751 2839 816 Cant..
2888 751 2948 816 ΙΙ
2997 771 3062 834 p.

498 841 624 901 360
672 836 775 918 31,
839 837 1169 902 nimietas:
1231 838 1293 901 in
1344 838 1521 901 Rom.
1570 837 1682 918 IX,
1737 842 1772 900 3
1835 837 2088 902 ‘accidit
2135 838 2383 902 animae
2432 837 2916 905 tribulationum
2966 841 3062 906 ni·

492 926 759 992 mietate
809 926 1195 1007 desperatio’
1245 926 1349 1007 al.,
1408 925 1697 991 nouellus
1745 925 1922 1011 (57);
1973 932 2044 991 ut
2093 927 2156 990 in
2207 926 2420 1009 Symb.
2471 934 2574 1006 44,
2636 931 3062 996 numerositas

493 1014 671 1098 (39):
736 1015 799 1079 in
850 1015 1034 1080 Cant.
1084 1015 1144 1078 ΙΙ
1195 1033 1255 1094 p.
1309 1019 1435 1078 418
1486 1015 1589 1096 al.,
1638 1051 1726 1062 --
1784 1015 2092 1081 obiectio:
2156 1034 2274 1096 pro
2323 1015 2500 1096 Orig.
2549 1035 2610 1097 p.
2663 1022 2788 1082 303
2840 1037 3062 1084 omnes

492 1104 883 1170 obiectiones
930 1109 1371 1169 accusatorum
1420 1104 1522 1174 al..
1585 1102 1858 1169 oblatio:
1915 1109 1989 1169 ut
2035 1105 2100 1168 in
2150 1106 2328 1171 Rom.
2379 1105 2457 1186 X,
2516 1113 2584 1170 11
2642 1107 2742 1182 31,
2801 1107 3060 1173 *obser-

493 1195 714 1259 uantia
760 1193 935 1280 (44):
1000 1194 1200 1275 princ.
1249 1192 1357 1273 IV,
1414 1199 1467 1274 1,
1526 1199 1552 1257 1
1615 1193 1848 1273 legum,
1911 1194 1972 1257 in
2021 1193 2178 1259 Leu.
2234 1199 2332 1276 12,
2386 1199 2420 1256 2
2471 1193 2572 1274 al.,
2635 1195 3060 1261 *obseruarffl

492 1300 688 1364 saep„
754 1288 826 1348 ut
882 1284 940 1346 h.
993 1302 1157 1346 mon.
1219 1287 1242 1344 1
1297 1301 1359 1362 p.
1418 1287 1537 1346 126
1604 1282 2096 1347 ‘obseruandum
2158 1288 2276 1364 est,
2344 1301 2422 1347 ne
2481 1301 2606 1365 qua
2653 1285 3058 1367 cupiditas„

491 1372 737 1436 radices
786 1374 851 1436 in
901 1373 1088 1436 corde
1137 1377 1358 1436 nostro
1411 1371 1689 1453 defigat’,
1755 1370 2010 1436 odibilis
2065 1369 2238 1454 (64):
2305 1377 2380 1436 ut
2439 1373 2500 1435 in
2563 1371 2739 1439 Rom.
2794 1374 2894 1452 IV,
2953 1380 3056 1457 12,

492 1459 939 1526 offendiculum
988 1458 1163 1544 (59):
1214 1461 1275 1523 in
1327 1460 1430 1524 Ps‘.
1478 1465 1561 1525 36
1610 1460 1673 1526 h.
1711 1465 1769 1541 3,
1806 1467 1846 1524 4
1893 1459 2000 1542 al.,
2046 1461 2538 1541 omnipotentia:
2590 1469 2662 1528 ut
2709 1483 2828 1544 pro
2875 1463 3056 1544 Orig.

493 1568 550 1630 p.
604 1555 722 1613 391
778 1550 880 1630 al.,
926 1551 1220 1630 *operari
1269 1547 1443 1634 (15):
1497 1554 1571 1613 ut
1614 1549 1816 1629 princ.
1867 1550 1915 1629 I,
1977 1555 2025 1628 1,
2079 1553 2140 1630 6,
2187 1551 2546 1631 *operatioz
2601 1553 2796 1630 princ.
2831 1553 2882 1632 Ι,
2919 1558 2976 1632 3,
3015 1559 3052 1617 5

492 1637 770 1719 Spiritus
820 1639 1057 1719 Sancti,
1106 1639 1167 1701 in
1219 1637 1377 1702 Gen.
1437 1643 1533 1717 13,
1584 1645 1625 1703 4
1673 1637 1778 1716 31,
1829 1644 2156 1718 operator:
2209 1640 2274 1703 in
2325 1639 2504 1704 Rom.
2555 1639 2664 1722 ΙΙΙ,
2718 1646 2754 1704 9
2803 1661 2866 1723 p.
2903 1645 3052 1721 219,

489 1730 734 1793 *oratio
796 1728 966 1811 (11):
1034 1746 1246 1807 saepe,
1309 1731 1383 1791 ut
1440 1745 1492 1792 e.
1543 1745 1594 1791 6.
1648 1727 1711 1790 111
1759 1727 1916 1792 Jesu
1962 1726 2041 1792 N.
2098 1731 2198 1809 16,
2252 1735 2308 1808 5,
2370 1728 2428 1791 h.
2479 1747 2648 1794 mon.
2705 1734 2730 1792 1
2787 1745 2848 1811 p‘.
2909 1735 3050 1811 124,

487 1817 825 1882 *ordinare
872 1815 1044 1901 (15):
1099 1817 1160 1879 in
1211 1816 1365 1881 Leu.
1416 1821 1474 1896 6,
1527 1821 1562 1878 3
1615 1815 1944 1897 ‘pontifex,
1994 1835 2178 1898 quem
2231 1821 2384 1881 tunc
2431 1817 2772 1884 ordinabat
2819 1819 3052 1884 Moses’

488 1905 591 1989 al.,
640 1907 935 1973 ordinate
983 1905 1152 1988 (70):
1206 1903 1281 1970 cf.
1332 1924 1392 1985 p.
1452 1909 1595 1986 160,
1651 1907 2042 1970 *ordinatim
2107 1912 2178 1971 ut
2225 1906 2288 1979 h.
2335 1905 2480 1970 eccl.
2531 1907 2608 1987 X,
2663 1914 2719 1984 6,
2773 1947 2854 1955 -
2901 1911 3052 1988 *pa-

488 2013 692 2076 ganus
741 1995 916 2058 Hier.
967 1997 1028 2058 in
1078 2013 1196 2076 ps,
1245 1993 1451 2058 Rufin.
1487 1994 1545 2058 h.
1583 1995 1730 2059 eccl.
1766 1994 1874 2074 XI,
1923 1999 2004 2058 23
2057 1995 2154 2058 ‘de
2202 1995 2390 2059 huius
2437 1995 2755 2079 (Serapis)
2805 1998 3051 2077 origine

488 2084 746 2150 diuersa
790 2082 997 2148 fertur
1046 2083 1261 2164 opinio
1310 2087 1748 2165 paganorum',
1799 2088 1902 2163 25,
1942 2088 2042 2162 28,
2084 2087 2164 2148 33
2199 2083 2304 2165 al.,
2355 2085 2538 2165 Aug„
2594 2085 3048 2167 1²1·ud.,OroS.,

488 2178 667 2254 pstt.,
727 2173 1092 2254 palpabilis:
1144 2173 1207 2237 in
1260 2172 1442 2236 Cant.
1496 2170 1571 2254 ll,
1621 2192 1684 2253 p.
1735 2178 1856 2236 491
1912 2171 2014 2252 31,
2071 2173 2418 2252 *panderez
2484 2174 2684 2254 princ.
2733 2173 2845 2253 111,
2899 2180 2958 2256 2,
3013 2181 3048 2238 7

489 2283 540 2329 3.
586 2262 652 2344 f.,
713 2263 1151 2342 participatio:
1212 2279 1403 2341 saep„
1455 2267 1529 2327 ut
1574 2261 1639 2325 in
1687 2261 1795 2325 Ps.
1849 2265 1928 2324 36
1979 2262 2038 2324 h.
2094 2267 2150 2339 2,
2203 2267 2264 2340 4,
2329 2263 2704 2342 parturitio:
2773 2265 2835 2327 in
2888 2263 3048 2328 Gen.

494 2356 593 2431 12,
653 2358 676 2415 1
734 2357 799 2416 61
847 2369 1042 2432 saep,
1100 2350 1565 2431 paruipendere
1612 2348 1786 2437 (97):
1849 2350 1912 2414 in
1963 2349 2066 2415 Ps.
2121 2355 2200 2413 37
2251 2350 2313 2416 h.
2367 2356 2424 2432 2,
2480 2356 2505 2413 1
2564 2350 2662 2428 al.,
2723 2351 3050 2432 passibilis

486 2439 660 2526 (62):
728 2442 787 2504 in
840 2440 1029 2504 Num.
1078 2445 1137 2518 8,
1197 2445 1221 2502 1
1289 2445 1433 2504 ‘non
1482 2446 1556 2504 ut
1603 2438 1930 2520 passibilis
1979 2445 2045 2504 et
2092 2439 2456 2504 iracundiae
2503 2441 2664 2505 uitio
2715 2441 3048 2506 subiacens

487 2534 853 2595 ostentatur
901 2529 1117 2593 diuina
1165 2527 1440 2609 natura’,
1503 2529 1567 2591 in
1616 2528 1765 2593 Jud.
1819 2534 1876 2608 2,
1928 2535 1969 2593 4
2035 2528 2115 2592 ‘in
2167 2546 2512 2609 quo..nec
2568 2530 2729 2593 alius
2789 2531 3044 2612 quidem

486 2618 813 2700 passibilis
862 2618 1115 2700 motus',
1166 2637 1265 2701 pr.
1315 2619 1376 2681 in
1430 2617 1613 2683 Cant.
1661 2637 1724 2699 p.
1777 2622 1902 2681 298
1951 2616 2054 2699 al.,
2105 2618 2320 2699 passio
2369 2617 2482 2702 (15
2519 2619 2672 2703 sq.):
2726 2617 2802 2685 cf.
2837 2620 2901 2683 in
2938 2619 3045 2686 Ρ3.

489 2713 568 2772 37
622 2708 681 2771 h.
736 2714 793 2789 2,
846 2714 880 2771 2
931 2714 1335 2788 peccatorum
1388 2726 1646 2772 suorum
1695 2708 2049 2789 passioneS,
2100 2707 2160 2771 in
2213 2712 2294 2771 36
2343 2707 2406 2773 h.
2463 2714 2516 2786 3,
2571 2713 2628 2789 3,
2681 2709 2741 2773 h.
2791 2728 2957 2774 mon.
3015 2714 3040 2772 1

487 2817 546 2877 p.
606 2802 724 2861 127
788 2802 880 2862 ‘ut
925 2798 1088 2862 uitia
1136 2803 1202 2861 et
1249 2796 1581 2877 passiones
1630 2799 1924 2861 resecent
1981 2814 2057 2860 ex
2112 2796 2342 2860 anima'
2401 2795 2504 2877 al.,
2567 2799 2791 2884 partic.
2838 2816 3046 2879 praes

486 2891 607 2951 act.
659 2905 709 2951 c.
760 2886 972 2965 signif.
1022 2886 1357 2967 passini
1416 2884 1491 2965 (D
1543 2906 1600 2949 n.
1653 2882 1770 2962 43)
1827 2886 2046 2951 Hier.
2097 2904 2193 2967 ep.
2251 2890 2394 2966 121,
2449 2891 2484 2949 2
2544 2885 2668 2951 ‘hic
2725 2892 2826 2951 est
2880 2885 3048 2951 filius

486 2976 1155 3055 amantissimus,
1207 2976 1268 3037 in
1319 2993 1445 3056 quo
1494 2974 1617 3038 sibi
1665 2972 2050 3055 complacuit
2095 2975 2308 3038 anima
2358 2974 2516 3052 Dei’,
2565 2976 2627 3039 in
2677 2976 2808 3040 Jer.
2860 2975 2921 3040 ΙΙ
2968 2976 3049 3039 ad

496 3070 593 3145 11,
635 3071 710 3129 15
748 3084 843 3146 sq.
894 3064 1216 3129 ‘dilectum
1266 3069 1331 3128 et
1376 3064 1885 3129 amantissimum
1934 3068 2123 3128 uocat
2170 3064 2472 3144 populum
2520 3064 2729 3144 Juda’,
2782 3083 2881 3144 ep.
2923 3070 3046 3129 113

491 3156 575 3219 in.
627 3152 1062 3219 ‘dilectissimo
1111 3159 1305 3235 atque
1355 3152 1797 3218 amantissimo
1843 3151 2058 3216 fratri’
2107 3152 2207 3231 al.,
2258 3151 2536 3217 Rufin.
2586 3152 2810 3217 bened.
2843 3152 2904 3217 II
2951 3173 3048 3235 pr.

488 3242 692 3308 frater
738 3244 1175 3308 amantissime
1225 3242 1620 3324 (huiusmodi
1667 3247 1768 3307 est
1813 3260 1866 3306 e.
1917 3260 1968 3307 c.
2018 3242 2143 3305 iam
2190 3242 2478 3307 animans
2513 3242 2665 3323 Cic,
2715 3242 2840 3323 all.,
2877 3243 3049 3324 quod

487 3351 611 3398 non
664 3338 878 3414 potest
925 3331 1313 3411 significare:
1374 3331 1616 3396 habens
1664 3332 1962 3411 animam,
2023 3332 2136 3395 sed
2183 3336 2284 3395 est
2329 3332 2628 3395 nimirum
2681 3363 2758 3383 ==
2810 3332 3047 3395 anima—

488 3421 642 3503 tus),
693 3424 1091 3501 *peccatumz
1141 3420 1307 3485 utin
1342 3420 1556 3501 Symb.
1598 3426 1694 3497 15,
1747 3420 2208 3499 pectusculum:
2248 3421 2310 3501 2,
2358 3420 2664 3500 perditio:
2717 3428 2788 3485 ut
2818 3420 3045 3485 bened.

487 3509 563 3591 11,
616 3516 675 3587 5,
728 3516 762 3572 2
813 3510 915 3590 31,
974 3509 1283 3591 perfectio
1334 3508 1504 3596 (23):
1567 3515 1638 3574 ut
1685 3510 1886 3590 princ.
1941 3509 2046 3588 111,
2101 3514 2160 3589 6,
2222 3514 2241 3571 1
2308 3528 2425 3589 pro
2482 3510 2855 3574 meritorum
2903 3529 3046 3591 per-

485 3598 777 3676 fectione,
828 3601 891 3663 in
941 3600 1119 3665 Rom.
1170 3600 1219 3680 I,
1273 3604 1329 3678 3,
1379 3597 1714 3679 *pm-fidia:
1769 3598 1828 3662 h.
1880 3598 2027 3663 eccl.
2076 3598 2154 3678 X,
2209 3602 2290 3661 28
2338 3598 2440 3679 31,
2500 3600 2927 3679 pernoctatio:
2984 3599 3046 3665 b.

486 3687 633 3753 eccl.
685 3688 792 3765 XI,
848 3692 950 3767 33,
1012 3688 1364 3769 perplexio:
1426 3706 1545 3768 pro
1594 3687 1770 3767 Orig.
1820 3707 1879 3767 p.
1933 3692 2054 3752 367
2105 3687 2535 3752 membrorum
2583 3688 3045 3769 perplexioneS,

484 3778 873 3858 persecutio:
926 3796 1123 3859 saep,
1173 3782 1247 3842 ut
1293 3778 1352 3841 h.
1404 3776 1551 3842 eccl.
1600 3776 1678 3857 X,
1737 3784 1788 3857 1,
1841 3781 2240 3857 persecutor:
2290 3781 2363 3841 ut
2403 3776 2464 3839 h.
2499 3775 2644 3841 eccl.
2679 3776 2758 3858 X,
2793 3782 2855 3857 7,
2901 3794 3042 3858 per·

485 3884 641 3932 sona
688 3868 859 3951 (83):
913 3868 1108 3945 princ.
1161 3866 1270 3949 ΙΙΙ,
1324 3872 1381 3946 2,
1435 3872 1468 3929 7
1523 3866 1717 3931 certis
1764 3865 2123 3946 quibusque
2172 3865 2570 3945 temporibus
2619 3871 2684 3930 et
2731 3865 3043 3945 personiS,

486 3956 546 4021 h.
596 3956 741 4021 eccl.
793 3958 868 4033 X,
928 3961 997 4019 11
1056 3956 1159 4036 al,
1208 3956 1533 4035 pertinere
1582 3955 1663 4018 ad
1711 3952 1928 4039 (14o):
1981 3952 2058 4019 cf.
2107 3953 2168 4017 h.
2220 3954 2369 4019 eccl.
2409 3955 2488 4034 X,
2543 3960 2599 4032 6,
2649 3955 3045 4034 peruersitas

483 4044 659 4128 (38):
720 4047 918 4126 princ.
966 4046 1014 4121 Ι,
1070 4054 1129 4126 5,
1180 4050 1238 4123 3,
1305 4050 1605 4124 petrosus
1652 4042 1824 4129 (52):
1886 4045 2088 4123 princ.
2139 4042 2252 4125 111,
2310 4050 2362 4123 1,
2420 4049 2518 4122 14,
2577 4044 3044 4123 *pigmentumt

484 4136 547 4197 in
598 4134 781 4200 Cant.
833 4135 861 4198 Ι
911 4155 972 4215 p.
1026 4138 1149 4198 339
1210 4136 1517 4198 ‘aromata
1568 4133 1814 4213 species
1871 4138 2020 4197 sunt
2077 4131 2591 4213 pigmentorum’,
2652 4132 2722 4195 cf.
2777 4133 2836 4196 in
2889 4132 3042 4197 Leu.

489 4230 587 4306 12,
625 4231 691 4288 4;
746 4224 952 4288 oleum
1002 4230 1142 4287 arte
1190 4223 1545 4303 myrepsica
1593 4220 1948 4287 confectum
1996 4242 2034 4285 a
2074 4221 2522 4301 pigmentario,
2575 4220 2919 4301 plasmare:
2971 4224 3046 4285 ut

480 4314 545 4376 in
597 4314 755 4378 Gen.
814 4318 863 4390 l,
924 4318 1021 4394 10,
1072 4310 1428 4392 plausibilis
1476 4312 1646 4395 (64):
1700 4312 1765 4374 in
1814 4312 1990 4375 Rom.
2026 4310 2135 4389 IX,
2190 4317 2248 4391 3,
2301 4310 2520 4391 *plebs
2567 4310 2742 4395 (84);
2797 4308 2856 4373 h.
2895 4308 3041 4373 eccl.

480 4403 559 4482 X,
613 4408 715 4480 24,
770 4406 849 4465 27
902 4401 1002 4481 31,
1052 4400 1382 4481 plenitudo
1432 4399 1603 4485 (39):
1654 4406 1728 4464 ut
1777 4419 1830 4465 e.
1881 4419 1931 4465 c.
1981 4401 2045 4463 in
2081 4400 2293 4481 Symb.
2339 4405 2410 4463 13
2463 4398 2844 4479 diuinitatiS,
2893 4416 3044 4479 poe-

478 4491 644 4555 nalis
693 4489 868 4576 (51):
928 4491 1128 4571 princ.
1177 4487 1256 4570 II,
1308 4495 1371 4569 5,
1422 4494 1458 4553 2
1509 4488 1609 4568 al.,
1674 4490 2009 4569 poenitens
2066 4488 2236 4571 (68);
2301 4487 2376 4553 cf.
2425 4506 2527 4568 ap.
2577 4488 2626 4567 I,
2677 4494 2761 4552 44
2810 4488 2887 4551 ‘si
2937 4486 3044 4551 ille

482 4599 598 4661 pro
651 4580 747 4643 his
807 4578 1159 4660 poenituit’,
1221 4579 1284 4642 in
1336 4578 1515 4644 Rom.
1568 4578 1674 4660 VI,
1726 4584 1761 4641 5
1831 4577 2098 4643 ‘fructus
2161 4576 2633 4643 erubescendus
2697 4582 2761 4641 et
2825 4576 3042 4657 poeni—

482 4669 756 4750 tendus',
815 4669 1160 4749 poenitudo
1211 4672 1389 4754 (39):
1449 4668 1509 4733 h.
1559 4685 1725 4732 mon.
1779 4672 1838 4747 6,
1906 4664 2276 4748 ⁵⁰pollutio:
2339 4684 2401 4749 p.
2459 4672 2602 4750 158,
2661 4664 3041 4748 pontificalis
