3409 5300
1719 496 1837 556 178

892 705 1150 773 eingehen
1176 704 1273 760 auf
1294 704 1479 775 (Suet.‚
1506 704 1642 774 loti)
1678 721 1838 774 saepe
1872 705 2036 778 Hier.,
2073 709 2134 759 ιιι
2169 705 2225 758 in
2251 703 2380 758 Luc.
2408 703 2462 758 h.
2493 707 2555 758 31
2601 701 2742 756 ‘uide
2779 717 2846 756 ne
2881 701 3060 756 statim

894 794 1134 864 loquenti
1170 793 1517 865 acquiescas’,
1556 795 1679 849 adu.
1704 793 1867 862 Vigil.
1898 797 1930 847 3
1970 795 2223 862 ‘repertos
2253 807 2366 847 esse
2396 791 2692 862 nonnullos,
2732 790 2858 858 qui.
2881 831 2895 844 .
2917 790 3060 844 illius

892 881 1253 950 blasphemiae
1298 882 1679 952 acquiescant’,
1721 881 1776 936 in
1823 881 1973 936 Eccl.
2023 885 2055 935 2
2103 899 2156 950 p.
2195 883 2299 936 396
2336 879 2485 934 falsis
2523 877 2880 948 dogmatibus,
2936 879 3061 934 adu.

893 971 1015 1026 Jou.
1053 971 1125 1038 Π,
1168 975 1255 1041 36,
1305 971 1360 1025 in
1396 971 1507 1025 Jer.
1545 972 1597 1026 V
1632 971 1702 1026 ad
1740 973 1828 1039 28,
1873 974 1937 1025 15
1975 987 2109 1042 sqq.,
2147 987 2230 1039 ep.
2268 973 2357 1040 84,
2397 973 2431 1024 ’7
2481 969 2590 1025 ‘sed
2628 983 2899 1038 nunquam
2934 967 3059 1037 feci,

890 1067 944 1114 et
978 1059 1158 1114 multis
1194 1060 1501 1128 rogantibus
1539 1059 1878 1128 acquiescere
1915 1060 2100 1115 nolui'.

500 1149 631 1219 Pag.
673 1153 775 1204 126
810 1149 846 1204 l.
884 1149 981 1204 ult.
1017 1165 1151 1205 scr.2
1190 1165 1354 1219 saep.,
1394 1149 1570 1204 Rufin.
1610 1147 1755 1218 Orig.

552 1261 576 1288 ι
669 1241 771 1293 128
808 1238 930 1294 add.
962 1239 1453 1310 praestranqulare
1488 1237 1738 1292 Bachiar.
1776 1237 1844 1293 ad
1879 1237 2100 1292 Januar.
2143 1241 2228 1307 17,
2270 1237 2404 1292 decl.
2442 1236 2563 1291 trib.
2601 1235 2741 1291 Mar.

552 1351 576 1378 ι
668 1331 770 1382 130
808 1328 931 1383 add.
969 1328 1037 1382 ad
1076 1333 1388 1381 contonare:
1430 1328 1507 1398 (et
1541 1327 1686 1381 Hier.
1729 1343 1811 1396 ep.
1847 1331 1932 1396 14,
1961 1331 1994 1381 6
2035 1327 2254 1382 ‘diuinis
2289 1325 2644 1396 Euangelium
2679 1325 2900 1380 uocibus
2937 1341 3061 1378 con-

889 1423 1065 1470 tonat:
1105 1416 1227 1470 Non
1263 1416 1486 1484 potestis
1523 1415 1730 1470 duobus
1767 1415 1996 1471 dominis
2033 1413 2280 1485 seruire’)

550 1547 574 1574 a>
667 1528 764 1579 131
806 1523 843 1578 l.
885 1528 952 1577 10
988 1537 1119 1577 scr.:
1160 1511 1246 1580 in-
1284 1524 1482 1592 p,Plin.

550 1647 574 1675 ι
668 1628 769 1680 133
806 1625 842 1680 l.
883 1628 949 1678 10
986 1623 1108 1679 add.
1145 1625 1215 1679 ad
1258 1626 1539 1694 peruidere
1586 1641 1737 1680 ann.:
1781 1640 1942 1693 saepe
1987 1625 2160 1695 Hier.,
2211 1631 2271 1678 ut
2315 1641 2363 1680 e.
2402 1641 2449 1680 c.
2499 1640 2584 1695 ep.
2623 1627 2710 1692 68,
2750 1629 2781 1678 2
2833 1624 2920 1677 ‘ex
2956 1638 3061 1692 quo

795 1714 1063 1783 peruideS,
1108 1713 1254 1782 quod
1300 1715 1467 1769 multo
1502 1714 1690 1768 melius
1729 1713 1799 1768 sit
1833 1715 2026 1782 spiritu
2061 1714 2274 1784 uidere,
2321 1731 2482 1784 quam
2520 1714 2716 1782 carne’,
2767 1713 2824 1767 it.
2861 1712 3062 1781 Rufin.,

796 1809 858 1858 ut
892 1819 941 1857 e.
980 1818 1025 1858 c.
1063 1803 1233 1872 princ.
1270 1803 1368 1873 IV,
1409 1808 1457 1874 1,
1498 1807 1566 1858 35
1619 1805 1821 1857 ‘omnes
1857 1804 2110 1858 materiae
2149 1802 2436 1858 diuisiones
2471 1801 2723 1872 peruidi’,
2774 1802 2844 1856 ib.-
2884 1806 2933 1871 1,
2973 1804 3059 1856 26.

549 1915 571 1942 ›
666 1896 765 1946 155
802 1890 859 1945 in
896 1907 1019 1946 ann.
1056 1891 1179 1946 add.
1218 1891 1273 1944 in
1316 1896 1401 1944 1⁸2
1441 1906 1672 1960 compar.
1712 1907 1758 1945 c.
1786 1893 1946 1960 genit.
1976 1908 2123 1946 more
2148 1908 2340 1960 graeco
2378 1892 2628 1961 (Kiihner
2652 1907 2874 1958 gramm.
2899 1889 3060 1958 ampl.

886 1981 941 2034 H
977 1996 1030 2050 p.
1068 1980 1197 2049 975)
1236 1996 1615 2048 nonnunquam
1652 1978 1850 2051 Rufin.,
1896 1989 1956 2037 ut
1991 1983 2047 2037 h.
2083 1999 2223 2037 mon.
2263 1986 2296 2036 9
2335 1983 2606 2038 ‘maiora
2641 1983 2873 2036 horum
2909 1981 3061 2048 signa

890 2067 1135 2138 facietis’,
1174 2067 1231 2122 in
1257 2069 1408 2124 Cant.
1432 2069 1488 2122 11
1512 2086 1567 2138 p.
1598 2073 1704 2125 390
1745 2071 1949 2126 ‘horum
1988 2071 2222 2126 omnium
2260 2072 2558 2126 inuenimus
2584 2071 2858 2125 inferiores
2886 2070 3058 2125 alias’2

886 2158 1056 2226 princ.
1086 2159 1129 2228 Ι,
1163 2162 1211 2225 1,
1243 2162 1307 2212 17
1349 2158 1511 2227 ‘quod
1550 2158 1772 2228 (anima)
1811 2160 2164 2228 praestantior
2199 2161 2270 2216 sit
2304 2161 2470 2214 totius
2507 2161 2564 2230 (i.
2606 2159 2856 2228 cuiusuiS,
2894 2159 3057 2228 toute)

884 2254 1107 2302 naturae
1144 2247 1470 2316 corporeae’,
1521 2247 1577 2301 in
1613 2248 1773 2302 Num.
1810 2252 1864 2304 h.
1905 2253 1990 2318 12,
2036 2255 2082 2318 1,
2135 2249 2227 2305 sed
2265 2250 2426 2305 etiam
2463 2265 2692 2317 compar.
2731 2265 2827 2318 pro
2864 2247 3059 2316 superl.

886 2337 971 2406 (ut
1006 2337 1059 2392 S.
1097 2336 1151 2390 S.
1193 2341 1220 2389 1
1248 2336 1367 2390 Cor.
1400 2341 1485 2404 13,
1516 2341 1607 2390 13:
1646 2344 1862 2393 manent
1897 2355 2034 2408 spes„
2073 2337 2225 2408 fides,
2265 2339 2478 2405 caritas,
2518 2338 2623 2391 tria
2657 2337 2809 2407 haec,
2848 2335 3060 2390 maior

884 2432 1064 2479 autem
1112 2426 1341 2480 horum
1390 2432 1469 2479 est
1519 2425 1737 2495 caritas)
1785 2426 1962 2482 Rufin.
1999 2443 2097 2496 pro
2136 2427 2279 2496 Orig.
2324 2444 2376 2495 p.
2417 2431 2519 2482 326
2557 2427 2762 2480 Lomm.
2803 2423 3058 2478 ‘omnium

884 2515 1281 2570 rationabilium
1336 2514 1598 2570 infirmius
1652 2521 1706 2568 et
1757 2515 2002 2584 fragilius
2049 2517 2246 2570 animal
2292 2531 2388 2569 nos
2437 2531 2616 2570 sumus
2663 2513 2941 2581 homines’,
3000 2515 3057 2567 in

887 2604 1045 2659 Num.
1084 2608 1133 2674 4,
1173 2608 1227 2671 2,
1278 2620 1397 2659 cum
1436 2610 1653 2660 econtra
1690 2604 1837 2659 Hier.
1875 2605 2068 2661 habeat
2104 2606 2160 2660 in
2197 2605 2391 2660 Matth.
2429 2604 2482 2658 Π
2519 2605 2588 2659 ad
2631 2609 2712 2674 13,
2752 2608 2820 2659 32
2858 2603 3056 2673 superl.

886 2711 985 2764 pro
1024 2710 1257 2763 compar.
1296 2710 1363 2748 ex
1399 2694 1503 2748 Eu.
1540 2696 1576 2748 l.
1604 2695 1639 2748 1.
1679 2695 1924 2762 ‘granum
1959 2696 2160 2763 sinapis
2198 2695 2529 2749 minimum
2568 2695 2866 2749 omnibus
2901 2693 3052 2747 semi·

886 2784 1079 2852 nibus’,
1128 2784 1221 2839 sed
1269 2791 1321 2837 et
1368 2786 1437 2838 ib.
1474 2800 1616 2853 sup.:
1663 2784 1994 2852 praedicatio
2042 2783 2326 2851 Euangelii
2373 2783 2639 2837 minima
2685 2789 2770 2837 est
2815 2781 3055 2835 omnibus

884 2873 1179 2941 disciplinis
1218 2873 1507 2943 (sequiturt
1546 2913 1561 2926 .
1582 2912 1595 2926 .
1618 2879 1671 2926 et
1704 2872 1928 2942 uidebiS,
1969 2880 2167 2942 quanto
2205 2872 2414 2926 minor
2449 2872 2522 2926 sit
2545 2872 2738 2927 ceteris
2767 2870 3054 2928 seminibus

886 2963 1133 3017 sementis
1179 2962 1508 3033 Euangelii),
1558 2962 1627 3017 cf.
1666 2963 1719 3017 S.
1757 2962 1808 3017 S.
1844 2962 2006 3015 Hebr.
2049 2967 2168 3031 «11,
2207 2966 2272 3015 4»
2322 2961 2602 3030 plurimam
2651 2960 2880 3015 hostiam
2917 2960 3054 3013 Abel

884 3070 1043 3122 quam
1087 3052 1218 3107 Cain
1265 3053 1457 3105 obtulit
1505 3053 1645 3123 Deo;
1677 3092 1691 3107 .
1722 3092 1736 3106 .
1765 3052 2112 3120 paruissimus
2159 3051 2251 3123 (cf.
2293 3050 2330 3105 D
2373 3067 2424 3105 n.
2463 3052 2554 3120 39)
2607 3050 2781 3105 Rufin.
2819 3050 2874 3103 h.
2911 3066 3052 3104 mon.

886 3146 953 3197 23
992 3160 1044 3211 p.
1086 3146 1188 3197 190
1226 3142 1383 3211 Vall„
1406 3181 1419 3195 .
1442 3182 1455 3195 .
1477 3142 1772 3209 *quatenus
1812 3158 1921 3211 pro
1970 3147 2030 3195 ut
2076 3140 2169 3210 (cf.
2221 3140 2285 3211 D)
2337 3140 2513 3195 Rufin.
2553 3140 2720 3209 princ.
2757 3140 2850 3210 IV,
2894 3145 2941 3208 1,
2985 3143 3052 3194 19

890 3231 1075 3285 ‘multo
1122 3230 1301 3285 studio
1346 3232 1621 3285 nitendum
1670 3237 1778 3300 est,
1828 3238 2149 3300 quatenus
2196 3229 2561 3297 unusquisque
2607 3229 2892 3297 legentium
2931 3244 3052 3281 cum

886 3322 1028 3375 omni
1064 3321 1363 3375 reuerentia
1400 3322 1675 3388 intellegat
1710 3335 1767 3374 se
1793 3319 1992 3386 diuina,
2032 3335 2141 3372 non
2167 3320 2404 3373 humana
2433 3318 2599 3372 uerba
2625 3324 2873 3385 tractare,
2915 3334 3052 3386 quae

880 3411 1079 3465 sanctis
1115 3410 1266 3464 libris
1304 3410 1501 3465 inserta
1536 3409 1699 3481 sunt’,
1748 3411 1802 3463 in
1840 3409 1993 3461 Rom.
2033 3408 2098 3477 V,
2140 3413 2190 3477 1,
2231 3408 2298 3462 cf.
2335 3409 2516 3461 Innoc.
2553 3408 2580 3460 I
2616 3424 2738 3477 pap.
2777 3423 2860 3475 ep.
2898 3412 2949 3473 3,
3003 3412 3052 3477 1,

883 3506 944 3555 4:
984 3500 1135 3555 bonis
1164 3500 1527 3561 sacerdotibus
1556 3497 1902 3555 annitendum
1931 3502 2026 3566 est,
2065 3502 2326 3566 quatenus
2354 3496 2410 3550 in
2437 3498 2692 3551 unitatem
2719 3496 2845 3551 fidei
2870 3512 3050 3552 omnes

880 3590 973 3658 qui
1012 3589 1236 3658 dispersi
1273 3596 1397 3643 sunt
1432 3594 1846 3659 congregentur3
2855 3578 2858 3581 ’

546 3706 573 3733 »
653 3685 755 3737 156
790 3680 829 3736 l.
866 3684 901 3734 4
934 3695 1036 3733 scr.
1073 3677 1604 3735 animaduerterimus

787 3769 823 3824 l.
862 3772 895 3823 6
931 3784 1033 3822 scr.
1069 3767 1153 3821 usi

785 3858 821 3912 1.
860 3861 893 3912 6
929 3856 996 3911 ab
1033 3857 1068 3911 i.
1108 3872 1208 3911 scr.
1246 3856 1429 3926 multo,
1468 3872 1629 3925 quam

547 3972 569 3999 ›
651 3951 752 4002 158
789 3948 827 4002 l.
866 3950 897 4001 5
936 3947 1086 4002 adda
1125 3946 1399 4015 legislator
1434 3946 1603 4015 princ.
1639 3946 1738 4014 IV,
1780 3951 1830 4014 1,
1873 3950 1899 3999 1
1940 3946 2034 4017 al.;

532 4060 565 4102 Δι
648 4040 745 4092 161
786 4036 932 4091 add.:
972 4052 1275 4106 perparum
1320 4036 1445 4091 hist.
1483 4036 1613 4090 eccl.
1650 4034 1817 4105 praef.
1855 4036 2120 4104 ‘quoniam
2170 4037 2352 4107 (liber)
2397 4053 2682 4105 perparum
2731 4036 2960 4092 habebat
2993 4038 3052 4091 in

882 4126 1043 4181 rebus
1080 4126 1284 4197 gestis’,
1321 4127 1453 4193 Veg.
1490 4144 1562 4196 u.,
1602 4128 1769 4195 Aug.;
1792 4164 1806 4179 .
1827 4165 1840 4179 .
1862 4125 2180 4180 *terminare
2217 4128 2290 4181 al.
2329 4120 2674 4181 en'tscheiden
2712 4127 2878 4193 princ.
2914 4127 2958 4196 Ι,
2997 4130 3048 4192 6,

887 4220 911 4268 1
955 4217 1110 4283 ‘quae
1153 4216 1277 4283 sint,
1315 4215 1381 4269 de
1428 4215 1617 4284 quibus
1654 4215 1933 4269 manifesto
1970 4216 2216 4285 dogmate
2251 4217 2640 4270 terminandum
2679 4215 2767 4268 sit’
2799 4217 3003 4285 (Innoc.
3023 4216 3051 4269 I

877 4321 1000 4373 pap.
1038 4320 1120 4373 ep.
1160 4308 1212 4373 2,
1252 4307 1310 4358 5:
1359 4310 1421 4357 ut
1466 4304 1754 4357 secundum
1800 4304 2057 4373 synodum
2097 4306 2389 4361 Nicaenam
2436 4307 2769 4373 congregatis
2815 4304 3050 4359 eiusdem

876 4394 1183 4463 prouinciae
1220 4393 1482 4461 episcopis
1518 4393 1749 4461 iurgium
1787 4394 2138 4463 terminetur),
2177 4394 2246 4449 cf.
2274 4395 2598 4465 distinguere
2629 4394 2808 4449 R-ufin.
2833 4395 2887 4449 h.
2918 4393 3050 4449 eccl.

879 4484 949 4552 X,
989 4487 1040 4550 2,
1080 4482 1237 4536 finire
1274 4498 1460 4537 causas
1496 4483 1715 4552 Lampr.
1751 4484 1905 4537 Alex.
1944 4488 2030 4537 22.

538 4596 561 4625 ι
642 4577 743 4629 172
779 4573 815 4628 l.
853 4576 888 4627 4
924 4572 991 4627 ab
1026 4574 1061 4627 i.
1100 4588 1202 4629 scr.
1239 4572 1409 4641 princ.
1445 4573 1472 4625 I
1508 4590 1589 4642 pr.
1626 4575 1679 4627 8.

1414 4752 2120 4807 -..W-
