3409 5300
1742 436 1824 496 84

503 667 797 734 persona
849 646 1165 732 alicuiUS,
1239 652 1316 716 ut
1368 667 1423 716 c.
1477 645 1714 736 Pelag.
1772 647 1861 733 H,
1922 652 1961 717 2
2042 650 2193 716 ‘non
2250 669 2331 718 ex
2390 669 2512 717 sua
2576 669 2871 734 persona
2940 649 3069 718 hoc

503 767 688 854 dicit,
747 765 868 837 sed
909 788 1007 836 ex
1053 787 1434 854 persona
1488 768 1761 856 generis
1812 767 2137 856 humani’,
2195 768 2286 836 ib.
2348 771 2413 854 3,
2458 767 2549 836 ib.
2609 771 2648 836 5
2709 767 3067 838 ‘Dominus

502 885 662 956 sub
711 906 1095 974 persona
1145 887 1484 974 assumpti
1537 887 1833 958 hominis
1886 887 2241 976 loquitur’.

683 1005 971 1094 *pignus
1040 1005 1270 1076 instar
1331 1005 1514 1075 filius
1575 1007 1688 1076 uel
1747 1005 1891 1076 filia
1960 1007 2065 1099 (M
2114 1029 2181 1094 p.
2243 1007 2419 1096 600)
2492 1029 2597 1096 ep.
2662 1011 2779 1095 32,
2844 1013 2869 1078 1
2957 1009 3066 1078 ‘ad

503 1146 807 1196 sororem
859 1133 1047 1196 tuam
1103 1126 1386 1196 Paulam
1445 1127 1730 1214 eiusque
1789 1129 2107 1216 pignus
2169 1127 2666 1198 Eustochium’.

683 1246 918 1334 *plebs
982 1247 1140 1316 eccl.
1201 1244 1576 1317 Gemeinde
1647 1244 1885 1338 (Cypr.
1943 1267 2048 1334 ep.
2101 1250 2219 1333 45,
2277 1251 2317 1316 2
2373 1249 2555 1318 clero
2604 1255 2673 1318 et
2720 1248 2933 1338 plebi)
3005 1271 3061 1318 e.

503 1365 736 1450 Ioann.
803 1371 883 1435 11
951 1367 1126 1455 ‘quis
1179 1367 1307 1437 hoc
1359 1388 1657 1456 unquam
1712 1364 2117 1454 presbytero
2171 1387 2293 1435 suo
2348 1387 2577 1436 coram
2626 1365 2707 1454 pl
2728 1366 2885 1437 ebe
2938 1369 3068 1437 im-

499 1486 775 1572 perauit
827 1486 1284 1575 episcopus9',
1362 1488 1431 1555 in
1487 1484 1640 1556 Gal.
1692 1485 1761 1555 II
1816 1484 1903 1554 ad
1960 1489 2029 1572 4,
2088 1488 2178 1556 17
2228 1506 2355 1573 sq.,
2419 1487 2721 1574 itemque
2771 1487 3069 1573 populus

499 1603 656 1672 adu.
712 1603 932 1676 Lucif.
991 1609 1036 1674 4
1109 1608 1250 1674 ‘aut
1297 1607 1688 1692 episcopum
1742 1625 1892 1674 cum
1960 1606 2288 1694 populo
2341 1606 2755 1694 recipimus,
2792 1661 2847 1692 .,
2920 1613 3065 1692 aut,

499 1723 560 1791 si
615 1723 1005 1811 episcopum
1060 1745 1194 1795 non
1245 1725 1652 1812 recipimus,
1730 1725 1979 1795 scimus
2050 1725 2256 1798 etiam
2325 1724 2520 1795 nobis
2574 1727 2899 1814 populum
2954 1747 3069 1796 re-

501 1842 887 1930 iciendum',
941 1844 1098 1914 adu.
1156 1843 1368 1932 Vigil.
1432 1847 1471 1912 5
1530 1845 1829 1915 omnium
1882 1845 2327 1916 ecclesiarum
2379 1845 2637 1932 populi.

679 1963 1032 2052 *plerique
1085 1964 1133 2032 i.
1189 1963 1410 2050 multi,
1482 1964 1841 2052 magisque
1895 1967 1939 2036 i.
1995 1966 2403 2054 complureS,
2474 1965 2757 2055 aliquot,
2828 1987 3069 2036 secun-

501 2083 658 2153 dum
724 2085 1180 2170 posteriorum
1258 2103 1684 2172 quorumque
1756 2086 2349 2173 consuetudinem,
2429 2107 2507 2156 ac
2570 2085 2861 2173 proinde
2919 2086 3068 2174 ple—

500 2223 788 2291 rumque
841 2203 886 2270 i.
944 2222 1425 2290 nonuunquam
1473 2203 1584 2292 (cf.
1641 2203 1777 2274 HA
1832 2227 1898 2293 p.
1964 2203 2221 2296 129)*)
2278 2227 2335 2276 e.
2396 2227 2451 2274 c,
2506 2205 2663 2276 adu.
2721 2205 2949 2278 Jouin.
3006 2204 3067 2291 Ι,

507 2327 597 2392 10
657 2327 748 2393 ‘et
800 2343 975 2392 nunc
1022 2322 1508 2410 pleraeque
1581 2331 2093 2396 contemnentes
2147 2325 2442 2412 apostoli
2494 2324 2862 2394 iussionem
2916 2325 3069 2394 iun-

501 2450 759 2532 guntur
811 2440 1229 2530 gentilibus'‚
1283 2463 1389 2530 ep.
1449 2446 1614 2530 130,
1672 2447 1764 2513 17
1821 2444 2019 2516 ‘solet
2069 2445 2249 2516 inter
2300 2445 2665 2532 plerosque
2720 2465 2867 2515 esse
2920 2464 3068 2514 cer-

500 2569 750 2649 tamen,
793 2567 1024 2629 utrum
1064 2560 1377 2633 solitaria
1416 2583 1501 2632 an
1541 2583 1692 2633 cum
1731 2564 1965 2634 multis
2006 2565 2153 2634 uita
2198 2564 2442 2634 melior
2479 2565 2615 2651 sit’,
2656 2563 2814 2634 adu.
2847 2563 3063 2652 Vigil.

504 2688 544 2754 9
606 2686 697 2751 ‘et
761 2682 830 2749 in
905 2679 1166 2767 uigiliis
1219 2681 1525 2754 Paschae
1594 2684 1735 2753 tale
1790 2684 1954 2771 quid
2005 2683 2157 2753 fieri
2223 2685 2734 2770 plerumque
2790 2687 3069 2754 conuin-

501 2803 709 2881 citur,
784 2806 854 2869 et
919 2806 1149 2869 tamen
1213 2822 1698 2888 paucorum
1776 2802 1977 2890 culpa
2038 2823 2170 2871 non
2220 2801 2651 2889 praeiudicat
2696 2802 3065 2890 religioni⁷.

676 2917 1050 3005 *proelium
1105 2940 1231 3007 pro
1285 2921 1542 2991 bellum
1598 2922 1708 3012 (cf.
1768 2922 1845 2989 M
1896 2942 1962 3009 p.
2008 2921 2183 3009 600)
2238 2927 2473 2992 noster
2534 2941 2803 3009 quoque
2864 2921 3066 3010 dixit,

499 3047 576 3110 ut
637 3037 950 3127 uidetur,
1023 3061 1185 3129 quu.
1241 3040 1435 3110 hebr.
1498 3042 1569 3111 in
1624 3040 1795 3111 Gen.
1865 3044 1979 3128 10,
2036 3045 2077 3109 2
2155 3041 2315 3111 ‘scio
2378 3040 2715 3128 quendam
2782 3038 2935 3125 Gog
2996 3050 3070 3111 et

501 3157 762 3247 Magog
809 3158 894 3229 ad
950 3156 1332 3231 Gothorum
1387 3182 1608 3250 nuper
1660 3162 1733 3231 in
1786 3167 1977 3232 terra
2028 3167 2267 3233 nostra
2323 3159 2795 3230 bacchantium
2849 3159 3069 3229 histo-

496 3278 670 3349 riam
721 3280 1062 3367 retulisse,
1119 3280 1300 3369 quod
1349 3288 1582 3351 utrum
1636 3302 1876 3351 uerum
1924 3280 2015 3350 sit
2064 3279 2398 3367 proelii
2451 3279 2667 3367 ipsius
2704 3278 2838 3349 fine
2874 3299 3066 3347 mon-

500 3400 784 3469 stratur'
827 3400 916 3469 al.
996 3399 1220 3489 Locis,
1279 3421 1448 3489 quos
1504 3400 2149 3487 demonstrauimus
2208 3399 2522 3470 addimus
2581 3399 2857 3469 interim
2898 3398 3066 3467 Am-

501 3518 635 3605 pel.
701 3523 815 3607 14,
877 3522 942 3605 5,
1001 3520 1359 3609 chronogr.
1416 3520 1735 3590 Momms.
1787 3541 1854 3608 p.
1917 3523 2085 3605 644,
2152 3524 2265 3604 11,
2320 3516 2505 3589 Vi'ct.
2564 3516 2759 3589 Caes.
2821 3522 2937 3605 26,
2995 3522 3063 3587 1.

679 3659 887 3726 prosa
942 3640 1086 3711 abs.
1143 3642 1263 3731 (sc.
1305 3639 1558 3729 oratio)
1613 3640 1844 3710 chron.
1904 3638 2071 3709 Eus.
2112 3655 2218 3727 pr.
2264 3637 2572 3708 ‘eundem
2630 3636 3064 3729 (Homerum)

502 3759 572 3828 in
627 3780 752 3829 sua
803 3758 1044 3849 lingua
1097 3780 1428 3847 prosae
1480 3761 1715 3831 uerbis
1768 3761 2311 3847 interpretetur’,
2370 3757 2526 3828 adu.
2582 3757 2813 3827 Jouin.
2869 3756 2959 3843 11,
3020 3759 3063 3827 6

506 3876 716 3963 ‘legat
764 3878 882 3965 qui
936 3878 1088 3948 uult
1139 3876 1589 3949 Aristotelem
1641 3885 1713 3949 et
1766 3878 2314 3966 Theophrastum
2368 3898 2595 3966 prosa,
2654 3876 3065 3946 Marcellum

677 4204 730 4273 ³¹⁶)
779 4204 948 4271 Quam
995 4204 1437 4272 significationem
1484 4204 1578 4258 uix
1625 4204 1729 4258 erit
1772 4205 1864 4274 qui
1911 4222 2019 4258 non
2066 4205 2263 4259 habeat
2298 4203 2561 4271 cognitam
2612 4202 2915 4271 doctorum,
2964 4204 3061 4271 qui

497 4300 672 4348 autem
727 4292 1067 4348 edisseruerit
1111 4292 1604 4361 sufficientibusque
1659 4293 1977 4347 testimoniis
2020 4292 2449 4361 comprobauerit
2497 4291 2695 4344 frustra
2744 4291 3065 4359 quaerimus,

497 4382 790 4436 Enimuero
827 4398 925 4436 nos
962 4397 1174 4451 quoque
1210 4382 1326 4450 ipsa
1363 4397 1487 4435 usus
1523 4381 1831 4449 frequentia
1866 4384 2214 4448 deterruerat,
2263 4379 2541 4448 quominus
2588 4380 2831 4447 exempla
2864 4381 3067 4447 passim

499 4472 658 4525 obuia
697 4472 751 4525 in
789 4472 1118 4526 collectanea
1155 4471 1490 4525 referremus,
1563 4470 1711 4539 Ergo
1753 4470 2077 4539 iam-Solini,
2112 4472 2244 4523 Aur.
2284 4468 2533 4537 VictoriS,
2586 4468 2728 4522 Coel.
2764 4468 3067 4539 Aureliani,

499 4560 692 4613 nedum
731 4560 972 4627 Gregorii
1015 4560 1213 4615 Turon.
1251 4575 1384 4629 quos
1423 4560 1680 4614 habemus
1716 4560 1851 4613 nihil
1887 4560 2037 4613 iuuat
2074 4573 2343 4626 apponere
2380 4558 2541 4627 locOS,
2580 4574 2697 4611 cum
2728 4558 3071 4630 Tertulliani,

497 4646 784 4717 Ammiani,
821 4648 1105 4715 Augustini
1145 4650 1470 4718 impraesens
1507 4664 1845 4717 nequeamus.
