<?xml version="1.0" encoding="UTF-8"?>
<!DOCTYPE html PUBLIC "-//W3C//DTD XHTML 1.0 Transitional//EN"
    "http://www.w3.org/TR/xhtml1/DTD/xhtml1-transitional.dtd">
<html xmlns="http://www.w3.org/1999/xhtml" xml:lang="en" lang="en">
 <head>
  <title>
</title>
<meta http-equiv="Content-Type" content="text/html;charset=utf-8" />
  <meta name='ocr-system' content='tesseract 3.04.00' />
  <meta name='ocr-capabilities' content='ocr_page ocr_carea ocr_par ocr_line ocrx_word'/>
</head>
<body>
  <div class='ocr_page' id='page_1' title='image "./delatinitatebhi02paucgoog_0023.png"; bbox 0 0 3409 5300; ppageno 0'>
   <div class='ocr_carea' id='block_1_1' title="bbox 1557 455 1634 515">
    <p class='ocr_par' dir='ltr' id='par_1_1' title="bbox 1557 455 1634 515">
     <span class='ocr_line' id='line_1_1' title="bbox 1557 455 1634 515; baseline 0 0"><span class='ocrx_word' id='word_1_1' title='bbox 1557 455 1634 515; x_wconf 87' lang='lat'>13</span> 
     </span>
    </p>
   </div>
   <div class='ocr_carea' id='block_1_2' title="bbox 1438 541 1758 551">
    <p class='ocr_par' dir='ltr' id='par_1_2' title="bbox 1438 541 1758 551">
     <span class='ocr_line' id='line_1_2' title="bbox 1438 541 1758 551; baseline 0 0"><span class='ocrx_word' id='word_1_2' title='bbox 1438 541 1758 551; x_wconf 95' lang='lat' dir='ltr'> </span> 
     </span>
    </p>
   </div>
   <div class='ocr_carea' id='block_1_3' title="bbox 314 664 2881 3517">
    <p class='ocr_par' dir='ltr' id='par_1_3' title="bbox 314 664 2881 3517">
     <span class='ocr_line' id='line_1_3' title="bbox 314 664 2876 756; baseline 0 -18"><span class='ocrx_word' id='word_1_3' title='bbox 314 666 790 738; x_wconf 88' lang='lat' dir='ltr'>uersationem-</span> <span class='ocrx_word' id='word_1_4' title='bbox 847 664 1228 754; x_wconf 81' lang='lat' dir='ltr'>angelicam</span> <span class='ocrx_word' id='word_1_5' title='bbox 1293 666 1699 755; x_wconf 87' lang='lat' dir='ltr'>imitantur’,</span> <span class='ocrx_word' id='word_1_6' title='bbox 1772 687 1916 756; x_wconf 90' lang='lat' dir='ltr'>reg.</span> <span class='ocrx_word' id='word_1_7' title='bbox 1984 665 2308 738; x_wconf 84' lang='lat' dir='ltr'><strong>Pachom.</strong></span> <span class='ocrx_word' id='word_1_8' title='bbox 2375 667 2579 738; x_wconf 90' lang='lat' dir='ltr'>inscr.</span> <span class='ocrx_word' id='word_1_9' title='bbox 2636 686 2876 738; x_wconf 89' lang='lat' dir='ltr'>coeno-</span> 
     </span>
     <span class='ocr_line' id='line_1_4' title="bbox 316 781 2878 875; baseline -0 -18"><span class='ocrx_word' id='word_1_10' title='bbox 316 786 608 875; x_wconf 89' lang='lat' dir='ltr'>biorum,</span> <span class='ocrx_word' id='word_1_11' title='bbox 657 807 726 855; x_wconf 92' lang='lat' dir='ltr'>u.</span> <span class='ocrx_word' id='word_1_12' title='bbox 775 783 1007 855; x_wconf 86' lang='lat' dir='ltr'>Hilar.</span> <span class='ocrx_word' id='word_1_13' title='bbox 1070 789 1162 856; x_wconf 90' lang='lat'>14</span> <span class='ocrx_word' id='word_1_14' title='bbox 1214 785 1542 857; x_wconf 88' lang='lat' dir='ltr'>fundator</span> <span class='ocrx_word' id='word_1_15' title='bbox 1591 791 1663 858; x_wconf 91' lang='lat' dir='ltr'>et</span> <span class='ocrx_word' id='word_1_16' title='bbox 1714 786 2023 857; x_wconf 81' lang='lat' dir='ltr'>eruditor</span> <span class='ocrx_word' id='word_1_17' title='bbox 2075 787 2279 857; x_wconf 87' lang='lat' dir='ltr'>huius</span> <span class='ocrx_word' id='word_1_18' title='bbox 2351 781 2475 869; x_wconf 89' lang='lat' dir='ltr'>(sc.</span> <span class='ocrx_word' id='word_1_19' title='bbox 2533 787 2878 858; x_wconf 90' lang='lat' dir='ltr'>monachi-</span> 
     </span>
     <span class='ocr_line' id='line_1_5' title="bbox 317 905 2875 997; baseline 0 -21"><span class='ocrx_word' id='word_1_20' title='bbox 317 909 468 996; x_wconf 89' lang='lat' dir='ltr'>cae)</span> <span class='ocrx_word' id='word_1_21' title='bbox 519 905 1096 993; x_wconf 83' lang='lat' dir='ltr'>conuersationis3</span> <span class='ocrx_word' id='word_1_22' title='bbox 1152 945 1241 957; x_wconf 85' lang='lat'>--</span> <span class='ocrx_word' id='word_1_23' title='bbox 1299 906 1696 976; x_wconf 84' lang='lat' dir='ltr'>*conuersio</span> <span class='ocrx_word' id='word_1_24' title='bbox 1750 905 1998 976; x_wconf 75' lang='lat' dir='ltr'>transl.</span> <span class='ocrx_word' id='word_1_25' title='bbox 2056 907 2477 997; x_wconf 89' lang='lat' dir='ltr'>Bekehrung</span> <span class='ocrx_word' id='word_1_26' title='bbox 2524 929 2580 978; x_wconf 86' lang='lat' dir='ltr'>e.</span> <span class='ocrx_word' id='word_1_27' title='bbox 2636 907 2875 996; x_wconf 86' lang='lat' dir='ltr'>Pelag.</span> 
     </span>
     <span class='ocr_line' id='line_1_6' title="bbox 316 1024 2875 1116; baseline 0.002 -22"><span class='ocrx_word' id='word_1_28' title='bbox 316 1024 423 1095; x_wconf 90' lang='lat' dir='ltr'>III</span> <span class='ocrx_word' id='word_1_29' title='bbox 441 1080 458 1112; x_wconf 94' lang='lat'>,</span> <span class='ocrx_word' id='word_1_30' title='bbox 529 1028 574 1096; x_wconf 83' lang='lat'>6</span> <span class='ocrx_word' id='word_1_31' title='bbox 639 1024 834 1096; x_wconf 84' lang='lat' dir='ltr'>‘dans</span> <span class='ocrx_word' id='word_1_32' title='bbox 899 1025 962 1096; x_wconf 89' lang='lat' dir='ltr'>ei</span> <span class='ocrx_word' id='word_1_33' title='bbox 1026 1031 1440 1113; x_wconf 89' lang='lat' dir='ltr'>potestatem</span> <span class='ocrx_word' id='word_1_34' title='bbox 1511 1027 1977 1097; x_wconf 83' lang='lat' dir='ltr'>conuersionis</span> <span class='ocrx_word' id='word_1_35' title='bbox 2038 1032 2109 1098; x_wconf 88' lang='lat' dir='ltr'>et</span> <span class='ocrx_word' id='word_1_36' title='bbox 2168 1028 2679 1116; x_wconf 88' lang='lat' dir='ltr'>poenitentiae’,</span> <span class='ocrx_word' id='word_1_37' title='bbox 2758 1029 2875 1113; x_wconf 87' lang='lat'>15,</span> 
     </span>
     <span class='ocr_line' id='line_1_7' title="bbox 320 1143 2877 1238; baseline 0 -22"><span class='ocrx_word' id='word_1_38' title='bbox 320 1143 478 1216; x_wconf 81' lang='lat' dir='ltr'>adu.</span> <span class='ocrx_word' id='word_1_39' title='bbox 552 1145 779 1218; x_wconf 89' lang='lat' dir='ltr'>Rufin.</span> <span class='ocrx_word' id='word_1_40' title='bbox 835 1144 962 1234; x_wconf 94' lang='grc' dir='ltr'>ΙΙΙ,</span> <span class='ocrx_word' id='word_1_41' title='bbox 1029 1149 1116 1217; x_wconf 88' lang='grc'>12</span> <span class='ocrx_word' id='word_1_42' title='bbox 1193 1150 1352 1216; x_wconf 87' lang='lat' dir='ltr'>‘non</span> <span class='ocrx_word' id='word_1_43' title='bbox 1419 1144 1926 1217; x_wconf 88' lang='lat' dir='ltr'>damnationem</span> <span class='ocrx_word' id='word_1_44' title='bbox 1990 1154 2180 1218; x_wconf 88' lang='lat' dir='ltr'>tuam</span> <span class='ocrx_word' id='word_1_45' title='bbox 2257 1149 2683 1238; x_wconf 83' lang='lat' dir='ltr'>quaerimuS,</span> <span class='ocrx_word' id='word_1_46' title='bbox 2758 1145 2877 1218; x_wconf 88' lang='lat' dir='ltr'>sed</span> 
     </span>
     <span class='ocr_line' id='line_1_8' title="bbox 321 1264 2877 1356; baseline 0 -19"><span class='ocrx_word' id='word_1_47' title='bbox 321 1268 877 1354; x_wconf 88' lang='lat' dir='ltr'>conuersionem’,</span> <span class='ocrx_word' id='word_1_48' title='bbox 926 1267 998 1335; x_wconf 92' lang='lat' dir='ltr'>in</span> <span class='ocrx_word' id='word_1_49' title='bbox 1032 1265 1218 1337; x_wconf 90' lang='lat' dir='ltr'>Eccl.</span> <span class='ocrx_word' id='word_1_50' title='bbox 1265 1269 1308 1336; x_wconf 92' lang='lat'><strong>7</strong></span> <span class='ocrx_word' id='word_1_51' title='bbox 1360 1267 1486 1336; x_wconf 87' lang='lat' dir='ltr'>col.</span> <span class='ocrx_word' id='word_1_52' title='bbox 1530 1269 1676 1337; x_wconf 84' lang='lat'>437</span> <span class='ocrx_word' id='word_1_53' title='bbox 1719 1266 1834 1350; x_wconf 89' lang='lat' dir='ltr'>al.,</span> <span class='ocrx_word' id='word_1_54' title='bbox 1874 1264 2111 1356; x_wconf 91' lang='lat' dir='ltr'>Vulg.,</span> <span class='ocrx_word' id='word_1_55' title='bbox 2162 1264 2451 1353; x_wconf 88' lang='lat' dir='ltr'>(Hilar.)</span> <span class='ocrx_word' id='word_1_56' title='bbox 2494 1267 2739 1356; x_wconf 89' lang='lat' dir='ltr'>,Aug.;</span> <span class='ocrx_word' id='word_1_57' title='bbox 2780 1307 2877 1318; x_wconf 89' lang='lat'>-—</span> 
     </span>
     <span class='ocr_line' id='line_1_9' title="bbox 320 1380 2881 1476; baseline 0.001 -20"><span class='ocrx_word' id='word_1_58' title='bbox 320 1383 712 1457; x_wconf 87' lang='lat' dir='ltr'>*conuulsio</span> <span class='ocrx_word' id='word_1_59' title='bbox 761 1405 1064 1476; x_wconf 75' lang='lat' dir='ltr'>propr.</span> <span class='ocrx_word' id='word_1_60' title='bbox 1106 1384 1229 1456; x_wconf 88' lang='lat' dir='ltr'>das</span> <span class='ocrx_word' id='word_1_61' title='bbox 1269 1385 1793 1456; x_wconf 89' lang='lat' dir='ltr'>Niederreissen</span> <span class='ocrx_word' id='word_1_62' title='bbox 1848 1382 2175 1474; x_wconf 86' lang='lat' dir='ltr'>(saepis):</span> <span class='ocrx_word' id='word_1_63' title='bbox 2234 1380 2315 1475; x_wconf 78' lang='lat'>93</span> <span class='ocrx_word' id='word_1_64' title='bbox 2369 1427 2472 1436; x_wconf 92' lang='lat'>—-</span> <span class='ocrx_word' id='word_1_65' title='bbox 2508 1386 2881 1458; x_wconf 87' lang='lat' dir='ltr'>*correctio</span> 
     </span>
     <span class='ocr_line' id='line_1_10' title="bbox 318 1503 2880 1593; baseline 0.002 -18"><span class='ocrx_word' id='word_1_66' title='bbox 318 1511 622 1576; x_wconf 74' lang='lat' dir='ltr'>meton.</span> <span class='ocrx_word' id='word_1_67' title='bbox 700 1504 823 1576; x_wconf 89' lang='lat' dir='ltr'>das</span> <span class='ocrx_word' id='word_1_68' title='bbox 893 1503 1416 1576; x_wconf 86' lang='lat' dir='ltr'>Gebessertsein</span> <span class='ocrx_word' id='word_1_69' title='bbox 1483 1525 1590 1593; x_wconf 89' lang='lat' dir='ltr'>ep.</span> <span class='ocrx_word' id='word_1_70' title='bbox 1673 1509 1841 1592; x_wconf 86' lang='lat'>121,</span> <span class='ocrx_word' id='word_1_71' title='bbox 1902 1509 1945 1576; x_wconf 90' lang='grc'>7</span> <span class='ocrx_word' id='word_1_72' title='bbox 2016 1505 2101 1576; x_wconf 91' lang='lat' dir='ltr'>de</span> <span class='ocrx_word' id='word_1_73' title='bbox 2168 1507 2565 1578; x_wconf 89' lang='lat' dir='ltr'>erroribus.</span> <span class='ocrx_word' id='word_1_74' title='bbox 2602 1561 2617 1576; x_wconf 97' lang='lat'>.</span> <span class='ocrx_word' id='word_1_75' title='bbox 2652 1512 2722 1578; x_wconf 91' lang='lat' dir='ltr'>et</span> <span class='ocrx_word' id='word_1_76' title='bbox 2794 1506 2880 1579; x_wconf 88' lang='lat' dir='ltr'>de</span> 
     </span>
     <span class='ocr_line' id='line_1_11' title="bbox 317 1625 2878 1714; baseline 0.001 -19"><span class='ocrx_word' id='word_1_77' title='bbox 317 1626 555 1696; x_wconf 86' lang='lat' dir='ltr'>uitiis.</span> <span class='ocrx_word' id='word_1_78' title='bbox 591 1627 1006 1696; x_wconf 79' lang='lat' dir='ltr'>,transitum</span> <span class='ocrx_word' id='word_1_79' title='bbox 1087 1625 1176 1696; x_wconf 89' lang='lat' dir='ltr'>ad</span> <span class='ocrx_word' id='word_1_80' title='bbox 1248 1625 1739 1696; x_wconf 83' lang='lat' dir='ltr'>correctionem</span> <span class='ocrx_word' id='word_1_81' title='bbox 1814 1631 2025 1713; x_wconf 88' lang='lat' dir='ltr'>atque</span> <span class='ocrx_word' id='word_1_82' title='bbox 2101 1625 2436 1714; x_wconf 83' lang='lat' dir='ltr'>uirtutes3</span> <span class='ocrx_word' id='word_1_83' title='bbox 2520 1663 2611 1676; x_wconf 81' lang='lat'>—-</span> <span class='ocrx_word' id='word_1_84' title='bbox 2689 1627 2878 1697; x_wconf 84' lang='lat' dir='ltr'>*cor-</span> 
     </span>
     <span class='ocr_line' id='line_1_12' title="bbox 317 1745 2873 1835; baseline 0 -19"><span class='ocrx_word' id='word_1_85' title='bbox 317 1747 542 1835; x_wconf 83' lang='lat' dir='ltr'>reptio</span> <span class='ocrx_word' id='word_1_86' title='bbox 593 1753 676 1817; x_wconf 90' lang='lat' dir='ltr'>tr</span> <span class='ocrx_word' id='word_1_87' title='bbox 695 1765 798 1817; x_wconf 89' lang='lat' dir='ltr'>an</span> <span class='ocrx_word' id='word_1_88' title='bbox 819 1745 911 1816; x_wconf 93' lang='lat' dir='ltr'>sl.</span> <span class='ocrx_word' id='word_1_89' title='bbox 969 1767 1035 1835; x_wconf 89' lang='lat' dir='ltr'>q.</span> <span class='ocrx_word' id='word_1_90' title='bbox 1093 1745 1568 1834; x_wconf 84' lang='lat' dir='ltr'>reprehensio,</span> <span class='ocrx_word' id='word_1_91' title='bbox 1643 1745 2010 1834; x_wconf 81' lang='lat' dir='ltr'>castigatio</span> <span class='ocrx_word' id='word_1_92' title='bbox 2065 1764 2290 1833; x_wconf 83' lang='lat' dir='ltr'>saepe,</span> <span class='ocrx_word' id='word_1_93' title='bbox 2364 1754 2443 1817; x_wconf 93' lang='lat' dir='ltr'>ut</span> <span class='ocrx_word' id='word_1_94' title='bbox 2493 1747 2566 1817; x_wconf 91' lang='lat' dir='ltr'>in</span> <span class='ocrx_word' id='word_1_95' title='bbox 2618 1745 2873 1817; x_wconf 89' lang='lat' dir='ltr'>Ezech.</span> 
     </span>
     <span class='ocr_line' id='line_1_13' title="bbox 318 1864 2877 1956; baseline 0.001 -21"><span class='ocrx_word' id='word_1_96' title='bbox 318 1864 422 1936; x_wconf 91' lang='lat' dir='ltr'>IV</span> <span class='ocrx_word' id='word_1_97' title='bbox 475 1866 559 1936; x_wconf 89' lang='lat' dir='ltr'>ad</span> <span class='ocrx_word' id='word_1_98' title='bbox 624 1869 739 1952; x_wconf 87' lang='lat'>13,</span> <span class='ocrx_word' id='word_1_99' title='bbox 797 1869 840 1936; x_wconf 80' lang='lat'>8</span> <span class='ocrx_word' id='word_1_100' title='bbox 897 1887 998 1955; x_wconf 89' lang='lat' dir='ltr'>sq.</span> <span class='ocrx_word' id='word_1_101' title='bbox 1076 1865 1236 1936; x_wconf 91' lang='lat' dir='ltr'>‘alia</span> <span class='ocrx_word' id='word_1_102' title='bbox 1303 1865 1890 1954; x_wconf 90' lang='lat' dir='ltr'>aduersariorum,</span> <span class='ocrx_word' id='word_1_103' title='bbox 1963 1866 2102 1936; x_wconf 89' lang='lat' dir='ltr'>alia</span> <span class='ocrx_word' id='word_1_104' title='bbox 2166 1864 2465 1936; x_wconf 90' lang='lat' dir='ltr'>filiorum</span> <span class='ocrx_word' id='word_1_105' title='bbox 2532 1866 2877 1956; x_wconf 90' lang='lat' dir='ltr'>correptio</span> 
     </span>
     <span class='ocr_line' id='line_1_14' title="bbox 321 1984 2873 2075; baseline 0 -19"><span class='ocrx_word' id='word_1_106' title='bbox 321 1988 471 2074; x_wconf 85' lang='lat' dir='ltr'>est’,</span> <span class='ocrx_word' id='word_1_107' title='bbox 544 2006 600 2056; x_wconf 91' lang='lat' dir='ltr'>c.</span> <span class='ocrx_word' id='word_1_108' title='bbox 654 1984 891 2074; x_wconf 89' lang='lat' dir='ltr'>Pelag.</span> <span class='ocrx_word' id='word_1_109' title='bbox 967 1986 1094 2074; x_wconf 90' lang='lat' dir='ltr'>III,</span> <span class='ocrx_word' id='word_1_110' title='bbox 1175 1989 1288 2074; x_wconf 90' lang='lat'>17,</span> <span class='ocrx_word' id='word_1_111' title='bbox 1357 2007 1502 2075; x_wconf 90' lang='lat' dir='ltr'>reg.</span> <span class='ocrx_word' id='word_1_112' title='bbox 1561 1984 1880 2056; x_wconf 87' lang='lat' dir='ltr'>Pachom.</span> <span class='ocrx_word' id='word_1_113' title='bbox 1948 1989 2009 2072; x_wconf 91' lang='lat'>1,</span> <span class='ocrx_word' id='word_1_114' title='bbox 2072 1987 2196 2071; x_wconf 82' lang='lat'>133</span> <span class='ocrx_word' id='word_1_115' title='bbox 2255 2027 2357 2036; x_wconf 92' lang='lat'>—-</span> <span class='ocrx_word' id='word_1_116' title='bbox 2409 1985 2711 2058; x_wconf 84' lang='lat' dir='ltr'>*creatio</span> <span class='ocrx_word' id='word_1_117' title='bbox 2767 2007 2873 2075; x_wconf 91' lang='lat' dir='ltr'>ep.</span> 
     </span>
     <span class='ocr_line' id='line_1_15' title="bbox 328 2104 2876 2201; baseline 0 -25"><span class='ocrx_word' id='word_1_118' title='bbox 328 2109 494 2193; x_wconf 84' lang='lat'>140,</span> <span class='ocrx_word' id='word_1_119' title='bbox 549 2108 590 2176; x_wconf 90' lang='grc'><strong>6</strong></span> <span class='ocrx_word' id='word_1_120' title='bbox 645 2106 926 2176; x_wconf 88' lang='lat' dir='ltr'>‘creatio</span> <span class='ocrx_word' id='word_1_121' title='bbox 979 2104 1379 2201; x_wconf 88' lang='lat' dir='ltr'>(significat)</span> <span class='ocrx_word' id='word_1_122' title='bbox 1445 2105 1592 2176; x_wconf 89' lang='lat' dir='ltr'>eius</span> <span class='ocrx_word' id='word_1_123' title='bbox 1658 2105 1778 2194; x_wconf 90' lang='lat' dir='ltr'>qui</span> <span class='ocrx_word' id='word_1_124' title='bbox 1823 2106 2017 2194; x_wconf 88' lang='lat' dir='ltr'>prius</span> <span class='ocrx_word' id='word_1_125' title='bbox 2068 2128 2204 2178; x_wconf 92' lang='lat' dir='ltr'>non</span> <span class='ocrx_word' id='word_1_126' title='bbox 2260 2112 2414 2178; x_wconf 91' lang='lat' dir='ltr'>erat</span> <span class='ocrx_word' id='word_1_127' title='bbox 2466 2105 2876 2177; x_wconf 88' lang='lat' dir='ltr'>conditionis</span> 
     </span>
     <span class='ocr_line' id='line_1_16' title="bbox 319 2223 2877 2312; baseline 0.001 -16"><span class='ocrx_word' id='word_1_128' title='bbox 319 2225 698 2296; x_wconf 87' lang='lat' dir='ltr'>exordium’</span> <span class='ocrx_word' id='word_1_129' title='bbox 757 2225 888 2312; x_wconf 91' lang='lat' dir='ltr'>al.;</span> <span class='ocrx_word' id='word_1_130' title='bbox 947 2267 1040 2276; x_wconf 84' lang='lat'>--</span> <span class='ocrx_word' id='word_1_131' title='bbox 1093 2223 1426 2297; x_wconf 88' lang='lat' dir='ltr'>*deiectio</span> <span class='ocrx_word' id='word_1_132' title='bbox 1489 2224 1583 2294; x_wconf 84' lang='lat' dir='ltr'>al.</span> <span class='ocrx_word' id='word_1_133' title='bbox 1652 2224 1957 2296; x_wconf 91' lang='lat' dir='ltr'>Demuth</span> <span class='ocrx_word' id='word_1_134' title='bbox 2008 2227 2081 2296; x_wconf 91' lang='lat' dir='ltr'>in</span> <span class='ocrx_word' id='word_1_135' title='bbox 2132 2227 2300 2300; x_wconf 92' lang='lat' dir='ltr'>Luc.</span> <span class='ocrx_word' id='word_1_136' title='bbox 2354 2227 2537 2297; x_wconf 93' lang='lat' dir='ltr'>hom.</span> <span class='ocrx_word' id='word_1_137' title='bbox 2588 2228 2633 2296; x_wconf 83' lang='lat'>8</span> <span class='ocrx_word' id='word_1_138' title='bbox 2686 2245 2877 2298; x_wconf 87' lang='lat' dir='ltr'>man-</span> 
     </span>
     <span class='ocr_line' id='line_1_17' title="bbox 319 2344 2878 2436; baseline -0.001 -20"><span class='ocrx_word' id='word_1_139' title='bbox 319 2345 702 2416; x_wconf 88' lang='lat' dir='ltr'>suetudinis</span> <span class='ocrx_word' id='word_1_140' title='bbox 791 2350 1165 2416; x_wconf 86' lang='lat' dir='ltr'>sectantem</span> <span class='ocrx_word' id='word_1_141' title='bbox 1254 2344 1793 2434; x_wconf 87' lang='lat' dir='ltr'>deiectionisque</span> <span class='ocrx_word' id='word_1_142' title='bbox 1871 2346 2242 2436; x_wconf 83' lang='lat' dir='ltr'>uirtutem3</span> <span class='ocrx_word' id='word_1_143' title='bbox 2327 2387 2415 2397; x_wconf 80' lang='lat'>--</span> <span class='ocrx_word' id='word_1_144' title='bbox 2498 2344 2878 2433; x_wconf 81' lang='lat' dir='ltr'>*depositio</span> 
     </span>
     <span class='ocr_line' id='line_1_18' title="bbox 324 2462 2878 2557; baseline -0.002 -20"><span class='ocrx_word' id='word_1_145' title='bbox 324 2464 726 2554; x_wconf 89' lang='lat' dir='ltr'>Absetzung</span> <span class='ocrx_word' id='word_1_146' title='bbox 792 2463 985 2556; x_wconf 82' lang='lat' dir='ltr'>(le.</span> <span class='ocrx_word' id='word_1_147' title='bbox 1057 2465 1220 2554; x_wconf 91' lang='lat' dir='ltr'>Dig.</span> <span class='ocrx_word' id='word_1_148' title='bbox 1293 2462 1634 2552; x_wconf 86' lang='lat' dir='ltr'><strong>XLVIII,</strong></span> <span class='ocrx_word' id='word_1_149' title='bbox 1708 2469 1824 2552; x_wconf 87' lang='lat'>19,</span> <span class='ocrx_word' id='word_1_150' title='bbox 1886 2468 1928 2534; x_wconf 87' lang='grc'>8</span> <span class='ocrx_word' id='word_1_151' title='bbox 1998 2486 2104 2555; x_wconf 89' lang='lat' dir='ltr'>pr.</span> <span class='ocrx_word' id='word_1_152' title='bbox 2160 2466 2520 2557; x_wconf 86' lang='lat' dir='ltr'>dignitatis</span> <span class='ocrx_word' id='word_1_153' title='bbox 2575 2465 2878 2553; x_wconf 89' lang='lat' dir='ltr'>aliquam</span> 
     </span>
     <span class='ocr_line' id='line_1_19' title="bbox 320 2583 2877 2679; baseline 0 -24"><span class='ocrx_word' id='word_1_154' title='bbox 320 2584 840 2675; x_wconf 84' lang='lat' dir='ltr'>depositionem,</span> <span class='ocrx_word' id='word_1_155' title='bbox 913 2583 1127 2656; x_wconf 88' lang='lat' dir='ltr'>Firm.</span> <span class='ocrx_word' id='word_1_156' title='bbox 1184 2591 1307 2679; x_wconf 80' lang='lat' dir='ltr'>m.)</span> <span class='ocrx_word' id='word_1_157' title='bbox 1360 2586 1432 2656; x_wconf 88' lang='lat' dir='ltr'>in</span> <span class='ocrx_word' id='word_1_158' title='bbox 1475 2583 1729 2657; x_wconf 87' lang='lat' dir='ltr'>Ezech.</span> <span class='ocrx_word' id='word_1_159' title='bbox 1780 2585 1962 2656; x_wconf 91' lang='lat' dir='ltr'>hom.</span> <span class='ocrx_word' id='word_1_160' title='bbox 2020 2590 2133 2676; x_wconf 89' lang='lat'>10,</span> <span class='ocrx_word' id='word_1_161' title='bbox 2198 2591 2231 2658; x_wconf 91' lang='lat'>1</span> <span class='ocrx_word' id='word_1_162' title='bbox 2299 2585 2706 2677; x_wconf 87' lang='lat' dir='ltr'>‘quicunque</span> <span class='ocrx_word' id='word_1_163' title='bbox 2756 2584 2877 2656; x_wconf 88' lang='lat' dir='ltr'>do-</span> 
     </span>
     <span class='ocr_line' id='line_1_20' title="bbox 317 2705 2877 2796; baseline -0 -20"><span class='ocrx_word' id='word_1_164' title='bbox 317 2705 465 2777; x_wconf 90' lang='lat' dir='ltr'>lore</span> <span class='ocrx_word' id='word_1_165' title='bbox 531 2705 980 2796; x_wconf 86' lang='lat' dir='ltr'>depositionis</span> <span class='ocrx_word' id='word_1_166' title='bbox 1047 2726 1214 2777; x_wconf 90' lang='lat' dir='ltr'>suae</span> <span class='ocrx_word' id='word_1_167' title='bbox 1284 2712 1704 2795; x_wconf 85' lang='lat' dir='ltr'>congregant</span> <span class='ocrx_word' id='word_1_168' title='bbox 1772 2707 2059 2795; x_wconf 89' lang='lat' dir='ltr'>populos</span> <span class='ocrx_word' id='word_1_169' title='bbox 2124 2707 2212 2779; x_wconf 89' lang='lat' dir='ltr'>ad</span> <span class='ocrx_word' id='word_1_170' title='bbox 2280 2706 2577 2779; x_wconf 87' lang='lat' dir='ltr'>schisma</span> <span class='ocrx_word' id='word_1_171' title='bbox 2623 2706 2877 2779; x_wconf 88' lang='lat' dir='ltr'>facien-</span> 
     </span>
     <span class='ocr_line' id='line_1_21' title="bbox 319 2824 2877 2918; baseline 0 -22"><span class='ocrx_word' id='word_1_172' title='bbox 319 2825 530 2913; x_wconf 87' lang='lat' dir='ltr'>dum&#39;,</span> <span class='ocrx_word' id='word_1_173' title='bbox 569 2832 820 2917; x_wconf 88' lang='lat' dir='ltr'>postt.;</span> <span class='ocrx_word' id='word_1_174' title='bbox 881 2867 970 2879; x_wconf 81' lang='lat'>——</span> <span class='ocrx_word' id='word_1_175' title='bbox 1028 2825 1464 2916; x_wconf 84' lang='lat' dir='ltr'>*deprecatio</span> <span class='ocrx_word' id='word_1_176' title='bbox 1511 2847 1644 2916; x_wconf 76' lang='lat' dir='ltr'>pro</span> <span class='ocrx_word' id='word_1_177' title='bbox 1695 2828 2026 2916; x_wconf 87' lang='lat' dir='ltr'>precatio,</span> <span class='ocrx_word' id='word_1_178' title='bbox 2078 2834 2157 2899; x_wconf 91' lang='lat' dir='ltr'>ut</span> <span class='ocrx_word' id='word_1_179' title='bbox 2205 2848 2311 2918; x_wconf 89' lang='lat' dir='ltr'>ep.</span> <span class='ocrx_word' id='word_1_180' title='bbox 2361 2831 2527 2916; x_wconf 88' lang='lat'>122,</span> <span class='ocrx_word' id='word_1_181' title='bbox 2574 2830 2607 2896; x_wconf 90' lang='lat'>1</span> <span class='ocrx_word' id='word_1_182' title='bbox 2674 2824 2877 2916; x_wconf 85' lang='lat' dir='ltr'>‘quod</span> 
     </span>
     <span class='ocr_line' id='line_1_22' title="bbox 317 2946 2874 3038; baseline 0.001 -23"><span class='ocrx_word' id='word_1_183' title='bbox 317 2946 596 3036; x_wconf 91' lang='lat' dir='ltr'>ignotus</span> <span class='ocrx_word' id='word_1_184' title='bbox 643 2946 731 3017; x_wconf 92' lang='lat' dir='ltr'>ad</span> <span class='ocrx_word' id='word_1_185' title='bbox 788 2948 1098 3038; x_wconf 90' lang='lat' dir='ltr'>ignotum</span> <span class='ocrx_word' id='word_1_186' title='bbox 1152 2946 1372 3018; x_wconf 90' lang='lat' dir='ltr'>audeo</span> <span class='ocrx_word' id='word_1_187' title='bbox 1423 2947 1751 3035; x_wconf 87' lang='lat' dir='ltr'>scribere,</span> <span class='ocrx_word' id='word_1_188' title='bbox 1806 2946 2165 3037; x_wconf 87' lang='lat' dir='ltr'>Hedybiae</span> <span class='ocrx_word' id='word_1_189' title='bbox 2218 2948 2382 3021; x_wconf 84' lang='lat' dir='ltr'>fecit</span> <span class='ocrx_word' id='word_1_190' title='bbox 2433 2946 2874 3037; x_wconf 87' lang='lat' dir='ltr'>deprecatio’,</span> 
     </span>
     <span class='ocr_line' id='line_1_23' title="bbox 319 3064 2879 3157; baseline 0.001 -23"><span class='ocrx_word' id='word_1_191' title='bbox 319 3084 376 3134; x_wconf 92' lang='lat' dir='ltr'>c.</span> <span class='ocrx_word' id='word_1_192' title='bbox 433 3064 668 3154; x_wconf 89' lang='lat' dir='ltr'>Pelag.</span> <span class='ocrx_word' id='word_1_193' title='bbox 718 3067 775 3155; x_wconf 94' lang='lat' dir='ltr'>I,</span> <span class='ocrx_word' id='word_1_194' title='bbox 838 3068 903 3155; x_wconf 88' lang='lat'>5,</span> <span class='ocrx_word' id='word_1_195' title='bbox 981 3067 1185 3138; x_wconf 90' lang='lat' dir='ltr'>sicuti</span> <span class='ocrx_word' id='word_1_196' title='bbox 1251 3087 1437 3155; x_wconf 88' lang='lat' dir='ltr'>saep.</span> <span class='ocrx_word' id='word_1_197' title='bbox 1511 3067 1899 3157; x_wconf 91' lang='lat' dir='ltr'>deprecari,</span> <span class='ocrx_word' id='word_1_198' title='bbox 1976 3088 2034 3138; x_wconf 92' lang='lat' dir='ltr'>e.</span> <span class='ocrx_word' id='word_1_199' title='bbox 2094 3088 2149 3139; x_wconf 93' lang='lat' dir='ltr'>c.</span> <span class='ocrx_word' id='word_1_200' title='bbox 2220 3089 2327 3157; x_wconf 91' lang='lat' dir='ltr'>ep.</span> <span class='ocrx_word' id='word_1_201' title='bbox 2390 3068 2511 3155; x_wconf 85' lang='lat'>47,</span> <span class='ocrx_word' id='word_1_202' title='bbox 2570 3070 2613 3135; x_wconf 92' lang='grc'>2</span> <span class='ocrx_word' id='word_1_203' title='bbox 2674 3066 2879 3155; x_wconf 91' lang='lat' dir='ltr'>‘quod</span> 
     </span>
     <span class='ocr_line' id='line_1_24' title="bbox 316 3183 2878 3276; baseline 0 -22"><span class='ocrx_word' id='word_1_204' title='bbox 316 3183 538 3256; x_wconf 88' lang='lat' dir='ltr'>Paula</span> <span class='ocrx_word' id='word_1_205' title='bbox 583 3206 694 3257; x_wconf 91' lang='lat' dir='ltr'>me</span> <span class='ocrx_word' id='word_1_206' title='bbox 747 3194 853 3258; x_wconf 91' lang='lat' dir='ltr'>est</span> <span class='ocrx_word' id='word_1_207' title='bbox 905 3184 1274 3275; x_wconf 86' lang='lat' dir='ltr'>deprecata</span> <span class='ocrx_word' id='word_1_208' title='bbox 1318 3193 1399 3259; x_wconf 90' lang='lat' dir='ltr'>ut</span> <span class='ocrx_word' id='word_1_209' title='bbox 1449 3186 1768 3276; x_wconf 81' lang='lat' dir='ltr'>iacerem,</span> <span class='ocrx_word' id='word_1_210' title='bbox 1825 3192 2067 3276; x_wconf 86' lang='lat' dir='ltr'>sponte</span> <span class='ocrx_word' id='word_1_211' title='bbox 2118 3186 2343 3274; x_wconf 88' lang='lat' dir='ltr'>facio&#39;,</span> <span class='ocrx_word' id='word_1_212' title='bbox 2398 3186 2470 3255; x_wconf 90' lang='lat' dir='ltr'>in</span> <span class='ocrx_word' id='word_1_213' title='bbox 2514 3184 2727 3255; x_wconf 90' lang='lat' dir='ltr'>Mtth.</span> <span class='ocrx_word' id='word_1_214' title='bbox 2772 3184 2878 3255; x_wconf 93' lang='lat' dir='ltr'>III</span> 
     </span>
     <span class='ocr_line' id='line_1_25' title="bbox 319 3302 2878 3395; baseline 0 -21"><span class='ocrx_word' id='word_1_215' title='bbox 319 3304 409 3375; x_wconf 87' lang='lat' dir='ltr'>ad</span> <span class='ocrx_word' id='word_1_216' title='bbox 481 3309 595 3394; x_wconf 89' lang='grc'>17,</span> <span class='ocrx_word' id='word_1_217' title='bbox 671 3308 801 3395; x_wconf 86' lang='grc'>18;</span> <span class='ocrx_word' id='word_1_218' title='bbox 877 3346 973 3357; x_wconf 89' lang='lat'>-—</span> <span class='ocrx_word' id='word_1_219' title='bbox 1040 3306 1418 3378; x_wconf 65' lang='lat' dir='ltr'>ssdetractio</span> <span class='ocrx_word' id='word_1_220' title='bbox 1486 3304 1737 3376; x_wconf 77' lang='lat' dir='ltr'>transl.</span> <span class='ocrx_word' id='word_1_221' title='bbox 1807 3326 1914 3395; x_wconf 88' lang='lat' dir='ltr'>ep.</span> <span class='ocrx_word' id='word_1_222' title='bbox 1996 3308 2111 3394; x_wconf 89' lang='lat'>52,</span> <span class='ocrx_word' id='word_1_223' title='bbox 2188 3310 2282 3377; x_wconf 92' lang='lat'>14</span> <span class='ocrx_word' id='word_1_224' title='bbox 2355 3310 2583 3393; x_wconf 89' lang='lat' dir='ltr'>‘parce</span> <span class='ocrx_word' id='word_1_225' title='bbox 2645 3324 2688 3375; x_wconf 91' lang='lat' dir='ltr'>a</span> <span class='ocrx_word' id='word_1_226' title='bbox 2759 3302 2878 3375; x_wconf 91' lang='lat' dir='ltr'>de-</span> 
     </span>
     <span class='ocr_line' id='line_1_26' title="bbox 317 3424 2876 3517; baseline -0 -22"><span class='ocrx_word' id='word_1_227' title='bbox 317 3427 655 3498; x_wconf 89' lang='lat' dir='ltr'>tractione</span> <span class='ocrx_word' id='word_1_228' title='bbox 726 3427 1052 3517; x_wconf 90' lang='lat' dir='ltr'>linguae’,</span> <span class='ocrx_word' id='word_1_229' title='bbox 1130 3429 1298 3515; x_wconf 86' lang='lat'>125,</span> <span class='ocrx_word' id='word_1_230' title='bbox 1358 3431 1448 3499; x_wconf 84' lang='lat'>19</span> <span class='ocrx_word' id='word_1_231' title='bbox 1524 3427 1606 3498; x_wconf 88' lang='lat' dir='ltr'>‘si</span> <span class='ocrx_word' id='word_1_232' title='bbox 1675 3425 2217 3498; x_wconf 87' lang='lat' dir='ltr'>detractionibus</span> <span class='ocrx_word' id='word_1_233' title='bbox 2269 3426 2409 3497; x_wconf 90' lang='lat' dir='ltr'>tuis</span> <span class='ocrx_word' id='word_1_234' title='bbox 2458 3424 2671 3497; x_wconf 91' lang='lat' dir='ltr'>alium</span> <span class='ocrx_word' id='word_1_235' title='bbox 2724 3426 2876 3495; x_wconf 90' lang='lat' dir='ltr'>uul-</span> 
     </span>
    </p>
   </div>
   <div class='ocr_carea' id='block_1_4' title="bbox 317 3542 2990 3636">
    <p class='ocr_par' dir='ltr' id='par_1_4' title="bbox 317 3542 2990 3636">
     <span class='ocr_line' id='line_1_27' title="bbox 317 3542 2990 3636; baseline 0.001 -23"><span class='ocrx_word' id='word_1_236' title='bbox 317 3548 562 3636; x_wconf 89' lang='lat' dir='ltr'>neres’,</span> <span class='ocrx_word' id='word_1_237' title='bbox 620 3547 776 3618; x_wconf 88' lang='lat' dir='ltr'>adu.</span> <span class='ocrx_word' id='word_1_238' title='bbox 833 3547 1060 3619; x_wconf 88' lang='lat' dir='ltr'>Rufin.</span> <span class='ocrx_word' id='word_1_239' title='bbox 1101 3547 1227 3635; x_wconf 89' lang='grc' dir='ltr'>ΙΠ,</span> <span class='ocrx_word' id='word_1_240' title='bbox 1272 3550 1368 3618; x_wconf 94' lang='grc'>27</span> <span class='ocrx_word' id='word_1_241' title='bbox 1421 3547 1536 3631; x_wconf 91' lang='lat' dir='ltr'>al.,</span> <span class='ocrx_word' id='word_1_242' title='bbox 1593 3545 1777 3636; x_wconf 89' lang='lat' dir='ltr'>Aug.</span> <span class='ocrx_word' id='word_1_243' title='bbox 1834 3542 1897 3629; x_wconf 88' lang='lat' dir='ltr'>(l</span> <span class='ocrx_word' id='word_1_244' title='bbox 1946 3566 2017 3635; x_wconf 88' lang='lat' dir='ltr'>p.</span> <span class='ocrx_word' id='word_1_245' title='bbox 2074 3549 2288 3635; x_wconf 90' lang='lat'>465);</span> <span class='ocrx_word' id='word_1_246' title='bbox 2351 3586 2440 3597; x_wconf 87' lang='lat'>--</span> <span class='ocrx_word' id='word_1_247' title='bbox 2501 3546 2877 3617; x_wconf 81' lang='lat' dir='ltr'>*discussio</span> <span class='ocrx_word' id='word_1_248' title='bbox 2982 3580 2990 3587; x_wconf 95' lang='lat'><strong>·</strong></span> 
     </span>
    </p>
   </div>
   <div class='ocr_carea' id='block_1_5' title="bbox 314 3665 2881 4719">
    <p class='ocr_par' dir='ltr' id='par_1_5' title="bbox 314 3665 2881 4719">
     <span class='ocr_line' id='line_1_28' title="bbox 315 3665 2877 3758; baseline 0.001 -23"><span class='ocrx_word' id='word_1_249' title='bbox 315 3665 563 3738; x_wconf 78' lang='lat' dir='ltr'>trwnsl.</span> <span class='ocrx_word' id='word_1_250' title='bbox 601 3694 606 3701; x_wconf 96' lang='lat'>·</span> <span class='ocrx_word' id='word_1_251' title='bbox 639 3686 676 3743; x_wconf 85' lang='lat' dir='ltr'>c</span> <span class='ocrx_word' id='word_1_252' title='bbox 746 3690 817 3758; x_wconf 91' lang='lat' dir='ltr'>p.</span> <span class='ocrx_word' id='word_1_253' title='bbox 877 3671 996 3758; x_wconf 89' lang='lat'>65,</span> <span class='ocrx_word' id='word_1_254' title='bbox 1065 3674 1146 3739; x_wconf 90' lang='lat' dir='ltr'>ut</span> <span class='ocrx_word' id='word_1_255' title='bbox 1212 3667 1556 3740; x_wconf 90' lang='lat' dir='ltr'>discutere</span> <span class='ocrx_word' id='word_1_256' title='bbox 1623 3667 1955 3739; x_wconf 91' lang='lat' dir='ltr'>transl.</span> <span class='ocrx_word' id='word_1_257' title='bbox 2020 3688 2079 3737; x_wconf 92' lang='lat' dir='ltr'>c.</span> <span class='ocrx_word' id='word_1_258' title='bbox 2128 3667 2367 3757; x_wconf 90' lang='lat' dir='ltr'>Pelag.</span> <span class='ocrx_word' id='word_1_259' title='bbox 2413 3666 2506 3756; x_wconf 92' lang='grc' dir='ltr'>ΙΙ,</span> <span class='ocrx_word' id='word_1_260' title='bbox 2571 3670 2666 3737; x_wconf 88' lang='grc'>20</span> <span class='ocrx_word' id='word_1_261' title='bbox 2736 3669 2877 3738; x_wconf 88' lang='lat' dir='ltr'>‘uo-</span> 
     </span>
     <span class='ocr_line' id='line_1_29' title="bbox 315 3786 2881 3876; baseline 0.001 -20"><span class='ocrx_word' id='word_1_262' title='bbox 315 3786 545 3859; x_wconf 91' lang='lat' dir='ltr'>luntas</span> <span class='ocrx_word' id='word_1_263' title='bbox 580 3787 714 3860; x_wconf 92' lang='lat' dir='ltr'>Dei</span> <span class='ocrx_word' id='word_1_264' title='bbox 750 3809 887 3861; x_wconf 90' lang='lat' dir='ltr'>non</span> <span class='ocrx_word' id='word_1_265' title='bbox 924 3786 1378 3876; x_wconf 88' lang='lat' dir='ltr'>discutienda,</span> <span class='ocrx_word' id='word_1_266' title='bbox 1426 3786 1547 3859; x_wconf 92' lang='lat' dir='ltr'>sed</span> <span class='ocrx_word' id='word_1_267' title='bbox 1603 3808 1755 3859; x_wconf 90' lang='lat' dir='ltr'>cum</span> <span class='ocrx_word' id='word_1_268' title='bbox 1810 3787 2193 3875; x_wconf 89' lang='lat' dir='ltr'>gratiarum</span> <span class='ocrx_word' id='word_1_269' title='bbox 2246 3788 2515 3859; x_wconf 87' lang='lat' dir='ltr'>actione</span> <span class='ocrx_word' id='word_1_270' title='bbox 2550 3786 2881 3875; x_wconf 90' lang='lat' dir='ltr'>patienda</span> 
     </span>
     <span class='ocr_line' id='line_1_30' title="bbox 316 3905 2874 3997; baseline 0 -20"><span class='ocrx_word' id='word_1_271' title='bbox 316 3910 468 3996; x_wconf 90' lang='lat' dir='ltr'>est’,</span> <span class='ocrx_word' id='word_1_272' title='bbox 524 3908 595 3978; x_wconf 93' lang='lat' dir='ltr'>in</span> <span class='ocrx_word' id='word_1_273' title='bbox 647 3908 902 3979; x_wconf 90' lang='lat' dir='ltr'>Ezech.</span> <span class='ocrx_word' id='word_1_274' title='bbox 946 3908 1014 3979; x_wconf 92' lang='lat' dir='ltr'>h.</span> <span class='ocrx_word' id='word_1_275' title='bbox 1061 3911 1126 3995; x_wconf 92' lang='lat'>5,</span> <span class='ocrx_word' id='word_1_276' title='bbox 1173 3912 1238 3996; x_wconf 93' lang='lat'>1,</span> <span class='ocrx_word' id='word_1_277' title='bbox 1293 3906 1361 3977; x_wconf 91' lang='lat' dir='ltr'>h.</span> <span class='ocrx_word' id='word_1_278' title='bbox 1408 3910 1496 3979; x_wconf 85' lang='lat'>13</span> <span class='ocrx_word' id='word_1_279' title='bbox 1542 3908 1636 3977; x_wconf 89' lang='lat' dir='ltr'>in.</span> <span class='ocrx_word' id='word_1_280' title='bbox 1679 3908 1793 3995; x_wconf 90' lang='lat' dir='ltr'>al.,</span> <span class='ocrx_word' id='word_1_281' title='bbox 1850 3905 1918 3977; x_wconf 90' lang='lat' dir='ltr'>S.</span> <span class='ocrx_word' id='word_1_282' title='bbox 1967 3905 2036 3977; x_wconf 87' lang='lat' dir='ltr'>S.</span> <span class='ocrx_word' id='word_1_283' title='bbox 2077 3912 2242 3997; x_wconf 91' lang='lat' dir='ltr'>uet.,</span> <span class='ocrx_word' id='word_1_284' title='bbox 2290 3907 2537 3996; x_wconf 91' lang='lat' dir='ltr'>Macr.,</span> <span class='ocrx_word' id='word_1_285' title='bbox 2598 3905 2874 3995; x_wconf 83' lang='lat' dir='ltr'>Chalc.;</span> 
     </span>
     <span class='ocr_line' id='line_1_31' title="bbox 314 4021 2876 4117; baseline 0 -19"><span class='ocrx_word' id='word_1_286' title='bbox 314 4066 416 4077; x_wconf 84' lang='lat'>—-</span> <span class='ocrx_word' id='word_1_287' title='bbox 467 4026 932 4117; x_wconf 86' lang='lat' dir='ltr'>*dispensatio</span> <span class='ocrx_word' id='word_1_288' title='bbox 999 4025 1303 4099; x_wconf 90' lang='lat' dir='ltr'>transl.</span> <span class='ocrx_word' id='word_1_289' title='bbox 1379 4021 1459 4114; x_wconf 81' lang='lat' dir='ltr'>(D</span> <span class='ocrx_word' id='word_1_290' title='bbox 1514 4048 1583 4115; x_wconf 92' lang='lat' dir='ltr'>p.</span> <span class='ocrx_word' id='word_1_291' title='bbox 1644 4022 1825 4111; x_wconf 89' lang='grc'>269)</span> <span class='ocrx_word' id='word_1_292' title='bbox 1894 4026 1985 4097; x_wconf 90' lang='lat' dir='ltr'>ad</span> <span class='ocrx_word' id='word_1_293' title='bbox 2050 4048 2163 4099; x_wconf 90' lang='lat' dir='ltr'>res</span> <span class='ocrx_word' id='word_1_294' title='bbox 2214 4026 2595 4116; x_wconf 90' lang='lat' dir='ltr'>prudenter</span> <span class='ocrx_word' id='word_1_295' title='bbox 2646 4027 2876 4117; x_wconf 92' lang='lat' dir='ltr'>dispo—</span> 
     </span>
     <span class='ocr_line' id='line_1_32' title="bbox 315 4146 2877 4239; baseline 0 -21"><span class='ocrx_word' id='word_1_296' title='bbox 315 4147 608 4221; x_wconf 90' lang='lat' dir='ltr'>nendas:</span> <span class='ocrx_word' id='word_1_297' title='bbox 686 4170 898 4239; x_wconf 64' lang='lat' dir='ltr'>saep„</span> <span class='ocrx_word' id='word_1_298' title='bbox 966 4154 1046 4219; x_wconf 92' lang='lat' dir='ltr'>ut</span> <span class='ocrx_word' id='word_1_299' title='bbox 1113 4148 1186 4217; x_wconf 91' lang='lat' dir='ltr'>in</span> <span class='ocrx_word' id='word_1_300' title='bbox 1255 4146 1435 4237; x_wconf 85' lang='lat' dir='ltr'>Eph.</span> <span class='ocrx_word' id='word_1_301' title='bbox 1490 4147 1522 4218; x_wconf 99' lang='grc' dir='ltr'>Ι</span> <span class='ocrx_word' id='word_1_302' title='bbox 1575 4147 1664 4217; x_wconf 87' lang='lat' dir='ltr'>ad</span> <span class='ocrx_word' id='word_1_303' title='bbox 1719 4152 1782 4236; x_wconf 88' lang='lat'>1,</span> <span class='ocrx_word' id='word_1_304' title='bbox 1844 4152 1884 4219; x_wconf 88' lang='grc'>9</span> <span class='ocrx_word' id='word_1_305' title='bbox 1953 4146 2375 4236; x_wconf 88' lang='lat' dir='ltr'>dispensatio</span> <span class='ocrx_word' id='word_1_306' title='bbox 2426 4148 2877 4237; x_wconf 90' lang='lat' dir='ltr'>plenitudinis</span> 
     </span>
     <span class='ocr_line' id='line_1_33' title="bbox 315 4266 2871 4359; baseline -0.001 -19"><span class='ocrx_word' id='word_1_307' title='bbox 315 4275 725 4359; x_wconf 90' lang='lat' dir='ltr'>temporum,</span> <span class='ocrx_word' id='word_1_308' title='bbox 791 4275 873 4341; x_wconf 88' lang='lat' dir='ltr'>ut</span> <span class='ocrx_word' id='word_1_309' title='bbox 929 4274 1188 4340; x_wconf 87' lang='lat' dir='ltr'>statuto</span> <span class='ocrx_word' id='word_1_310' title='bbox 1255 4275 1566 4357; x_wconf 91' lang='lat' dir='ltr'>tempore</span> <span class='ocrx_word' id='word_1_311' title='bbox 1636 4268 1867 4340; x_wconf 90' lang='lat' dir='ltr'>omnia</span> <span class='ocrx_word' id='word_1_312' title='bbox 1938 4270 2429 4358; x_wconf 88' lang='lat' dir='ltr'>compleantur,</span> <span class='ocrx_word' id='word_1_313' title='bbox 2494 4269 2567 4338; x_wconf 92' lang='lat' dir='ltr'>in</span> <span class='ocrx_word' id='word_1_314' title='bbox 2618 4266 2871 4339; x_wconf 88' lang='lat' dir='ltr'>Ezech.</span> 
     </span>
     <span class='ocr_line' id='line_1_34' title="bbox 314 4386 2874 4478; baseline -0.002 -19"><span class='ocrx_word' id='word_1_315' title='bbox 314 4389 494 4459; x_wconf 93' lang='lat' dir='ltr'>hom.</span> <span class='ocrx_word' id='word_1_316' title='bbox 564 4394 628 4478; x_wconf 94' lang='lat'>1,</span> <span class='ocrx_word' id='word_1_317' title='bbox 700 4394 742 4461; x_wconf 89' lang='lat'>2</span> <span class='ocrx_word' id='word_1_318' title='bbox 816 4392 975 4459; x_wconf 89' lang='lat' dir='ltr'>‘non</span> <span class='ocrx_word' id='word_1_319' title='bbox 1035 4396 1179 4461; x_wconf 89' lang='lat' dir='ltr'>tam</span> <span class='ocrx_word' id='word_1_320' title='bbox 1251 4389 1426 4459; x_wconf 89' lang='lat' dir='ltr'>iram</span> <span class='ocrx_word' id='word_1_321' title='bbox 1493 4408 1644 4460; x_wconf 84' lang='lat' dir='ltr'>esse</span> <span class='ocrx_word' id='word_1_322' title='bbox 1727 4388 1904 4460; x_wconf 90' lang='lat' dir='ltr'>iram</span> <span class='ocrx_word' id='word_1_323' title='bbox 1973 4388 2108 4460; x_wconf 92' lang='lat' dir='ltr'>Dei</span> <span class='ocrx_word' id='word_1_324' title='bbox 2162 4408 2365 4477; x_wconf 91' lang='lat' dir='ltr'>quam</span> <span class='ocrx_word' id='word_1_325' title='bbox 2418 4386 2874 4459; x_wconf 85' lang='lat' dir='ltr'>necessariam</span> 
     </span>
     <span class='ocr_line' id='line_1_35' title="bbox 314 4503 2876 4600; baseline -0.004 -20"><span class='ocrx_word' id='word_1_326' title='bbox 314 4508 942 4600; x_wconf 88' lang='lat' dir='ltr'>dispensationem’,</span> <span class='ocrx_word' id='word_1_327' title='bbox 997 4509 1070 4581; x_wconf 92' lang='lat' dir='ltr'>in</span> <span class='ocrx_word' id='word_1_328' title='bbox 1123 4507 1278 4580; x_wconf 85' lang='lat' dir='ltr'>Gal.</span> <span class='ocrx_word' id='word_1_329' title='bbox 1317 4507 1351 4578; x_wconf 98' lang='lat' dir='ltr'>I</span> <span class='ocrx_word' id='word_1_330' title='bbox 1405 4506 1492 4579; x_wconf 92' lang='lat' dir='ltr'>ad</span> <span class='ocrx_word' id='word_1_331' title='bbox 1550 4512 1618 4597; x_wconf 92' lang='lat'>2,</span> <span class='ocrx_word' id='word_1_332' title='bbox 1667 4512 1700 4579; x_wconf 93' lang='lat'>1</span> <span class='ocrx_word' id='word_1_333' title='bbox 1719 4512 1751 4577; x_wconf 96' lang='lat'>1</span> <span class='ocrx_word' id='word_1_334' title='bbox 1814 4529 1961 4599; x_wconf 90' lang='lat' dir='ltr'>sqq.</span> <span class='ocrx_word' id='word_1_335' title='bbox 2020 4505 2301 4578; x_wconf 86' lang='lat' dir='ltr'>‘Paulus</span> <span class='ocrx_word' id='word_1_336' title='bbox 2354 4526 2533 4577; x_wconf 92' lang='lat' dir='ltr'>noua</span> <span class='ocrx_word' id='word_1_337' title='bbox 2579 4503 2876 4576; x_wconf 90' lang='lat' dir='ltr'>bellator</span> 
     </span>
     <span class='ocr_line' id='line_1_36' title="bbox 317 4623 2876 4719; baseline -0.003 -20"><span class='ocrx_word' id='word_1_338' title='bbox 317 4636 520 4702; x_wconf 91' lang='lat' dir='ltr'>uetus</span> <span class='ocrx_word' id='word_1_339' title='bbox 586 4638 750 4701; x_wconf 83' lang='lat' dir='ltr'>usus</span> <span class='ocrx_word' id='word_1_340' title='bbox 813 4635 921 4701; x_wconf 87' lang='lat' dir='ltr'>est</span> <span class='ocrx_word' id='word_1_341' title='bbox 973 4635 1126 4700; x_wconf 90' lang='lat' dir='ltr'>arte</span> <span class='ocrx_word' id='word_1_342' title='bbox 1187 4628 1570 4719; x_wconf 89' lang='lat' dir='ltr'>pugnandi,</span> <span class='ocrx_word' id='word_1_343' title='bbox 1635 4634 1717 4700; x_wconf 91' lang='lat' dir='ltr'>ut</span> <span class='ocrx_word' id='word_1_344' title='bbox 1782 4627 2363 4717; x_wconf 89' lang='lat' dir='ltr'>dispensationem</span> <span class='ocrx_word' id='word_1_345' title='bbox 2434 4623 2627 4695; x_wconf 87' lang='lat' dir='ltr'>Petri</span> <span class='ocrx_word' id='word_1_346' title='bbox 2646 4676 2663 4711; x_wconf 95' lang='lat'>,</span> <span class='ocrx_word' id='word_1_347' title='bbox 2738 4642 2876 4711; x_wconf 89' lang='lat' dir='ltr'>qua</span> 
     </span>
    </p>
   </div>
  </div>
 </body>
</html>
