3409 5300
1697 395 1781 456 38

459 605 662 672 Prisc.
712 604 778 672 II
825 603 958 670 chr.
996 609 1074 669 19
1125 603 1270 685 cibi,
1303 604 1370 686 I,
1426 609 1524 684 10,
1575 603 1759 686 Pan,
1806 603 2026 686 Macr.‚
2074 603 2442 673 rotunditas
2490 621 2659 674 nom.
2692 603 2811 671 loc.
2846 604 3026 676 hebr.

460 696 574 763 col.
627 699 754 760 283
802 712 986 760 mons
1033 693 1194 758 mira
1239 694 1640 758 rotunditate
1693 692 2003 775 sublimis,
2054 711 2105 760 c.
2150 693 2371 759 Ioann.
2414 698 2495 758 29
2544 693 2647 775 al.,
2696 694 3028 761 rusticitas

458 785 606 869 (Ou.
657 789 724 849 et
767 785 900 866 pA)
950 802 1002 848 c.
1048 783 1268 847 Ioann.
1319 787 1400 846 22
1451 782 1773 864 simulata,
1826 785 1902 846 31
1955 797 2117 864 mea,
2179 787 2247 848 et
2296 801 2506 864 saepe,
2566 783 3028 864 scrupulositas

459 894 512 941 c.
561 874 780 939 Ioann.
831 877 916 937 34
975 870 1340 937 ‘difficultas
1394 871 1608 952 operis
1665 871 2230 952 scrupulositatem
2282 871 2435 937 fidei
2480 872 2875 954 requirebat’
2922 871 3025 955 aL,

461 962 822 1030 scurrilitas
867 960 1116 1045 (Quint.
1169 965 1234 1026 et
1282 961 1430 1028 Tac.
1481 960 1630 1026 dial.
1676 979 1767 1027 55.
1812 959 1899 1044 11.,
1958 995 2038 1008 --
2086 958 2297 1048 Tert.)
2346 980 2443 1042 ep.
2502 965 2645 1042 130,
2705 966 2779 1026 13
2830 965 3029 1028 ‘scur-

459 1052 672 1118 rilitas
719 1057 914 1132 atque
962 1049 1224 1114 lasciuia
1271 1053 1336 1113 te
1385 1054 1727 1130 praesente
1786 1067 1911 1114 non
1968 1049 2251 1115 habeant
2305 1049 2553 1130 locum’,
2604 1049 2790 1130 Vulg.
2840 1049 2916 1138 (D
2965 1071 3027 1134 p.

462 1139 642 1227 290),
695 1139 1016 1205 stoliditas
1063 1139 1209 1204 adu.
1259 1137 1488 1218 Jou.1‚
1527 1143 1608 1202 25
1661 1141 2047 1220 ‘quanquam
2096 1139 2216 1204 boc
2262 1136 2453 1204 solita
2501 1139 2856 1205 stoliditate
2902 1159 3029 1206 non

459 1229 713 1296 uiderit’
761 1229 864 1309 al.,
915 1228 1230 1293 *uastitas
1279 1245 1340 1309 q.
1389 1227 1616 1308 ingens
1661 1229 2041 1308 magnitudo
2088 1228 2153 1292 in
2185 1227 2355 1294 Eccl.
2396 1233 2472 1292 12
2508 1228 2625 1294 col.
2658 1233 2791 1294 484
2825 1229 3029 1310 ‘quasi

462 1321 524 1384 in
574 1319 850 1402 quadam
900 1316 1140 1382 tabella
1186 1315 1468 1398 pinxisse
1504 1316 1705 1382 totius
1743 1317 1914 1384 orbis
1946 1317 2365 1396 uastitatem’‚
2402 1317 2691 1383 uitalitas
2722 1337 2773 1384 c.
2804 1318 3031 1387 Ioann.

465 1414 544 1472 26
598 1408 790 1490 ‘quod
837 1424 1206 1471 mansurum
1257 1408 1374 1484 est,
1424 1405 1765 1488 pristinam
1815 1425 1941 1471 non
1986 1407 2255 1487 recipiet
2301 1406 2779 1488 uitalitatem?’,
2822 1442 2907 1452 -——
2956 1427 3030 1472 u:

461 1497 733 1562 ariditas
784 1496 995 1578 (Varr.
1045 1493 1146 1573 fr„
1199 1493 1384 1575 Plin.,
1435 1533 1514 1542 —
1568 1493 1757 1581 Arn.)
1816 1496 1880 1559 in
1940 1495 2022 1560 Is,
2072 1495 2197 1559 XII
2255 1495 2337 1560 ad
2395 1501 2501 1577 42,
2556 1501 2635 1560 12
2686 1513 2826 1577 sqq.
2886 1497 3030 1561 doc-

461 1586 692 1667 trinae,
753 1583 964 1666 Vulg.,
1027 1581 1298 1649 fatuitas
1361 1583 1522 1666 (Cic.
1581 1603 1654 1664 S.,
1722 1581 1916 1670 1000.)
1978 1585 2043 1648 111
2108 1583 2301 1665 Soph.
2354 1589 2413 1666 2,
2450 1590 2510 1650 ’8
2574 1603 2719 1667 sqq.
2780 1585 3031 1650 ‘melius

462 1673 1030 1740 est..fatuitatem
1080 1673 1216 1738 eius
1263 1673 1517 1738 Domini
1567 1674 1887 1754 sapientia
1935 1672 2216 1753 corrigi',
2272 1673 2481 1754 Vulg„
2542 1673 3030 1741 immutabilitas

461 1763 624 1848 (Cic.
675 1761 758 1850 S.)
815 1763 961 1828 Did.
1011 1763 1165 1843 spir.
1217 1765 1333 1826 sct.
1389 1767 1466 1826 12
1519 1762 1598 1826 al.
1651 1762 1749 1846 (Ι),
1802 1762 2074 1841 largitas
2132 1762 2327 1846 (Ten,
2384 1757 2542 1846 Cic.)
2594 1781 2691 1844 ep.
2748 1767 2893 1847 130,
2950 1768 3027 1825 12

464 1853 595 1918 ‘ubi
643 1852 874 1934 gratia,
933 1870 1058 1915 non
1108 1869 1372 1932 operum
1419 1850 1789 1930 retributio,
1848 1852 1962 1916 sed
2020 1850 2318 1917 donantis
2366 1857 2468 1917 est
2512 1851 2823 1932 largitas’,
2884 1847 3030 1916 adu.

463 1942 674 2008 Jouin.
723 1942 805 2022 II,
856 1946 936 2006 28
988 1944 1055 2005 et
1102 1959 1296 2021 saep,
1347 1939 1553 2020 Vng„
1615 1940 1832 2022 Macr.‚
1892 1941 2272 2006 mendicitas
2322 1958 2421 2021 ep.
2476 1945 2620 2022 120,
2676 1947 2704 2006 1
2771 1939 3030 2006 ‘mendi-

464 2033 659 2096 citate
709 2034 775 2095 et
822 2029 1118 2114 squalore
1167 2029 1552 2110 coopertus’,
1603 2028 1811 2110 Vulg.,
1860 2030 2257 2110 peruersitas
2305 2030 2487 2114 (Cic.‚
2518 2031 2655 2116 pA)
2702 2029 2885 2098 11115.
2913 2028 3034 2114 VII

463 2121 546 2184 ad
579 2125 684 2201 22,
719 2125 757 2184 8
809 2121 1074 2201 ‘quanto
1123 2119 1265 2199 quis
1315 2119 1377 2185 in
1427 2117 1751 2182 haeretica
1796 2119 2223 2199 peruersitate
2272 2119 2651 2202 prudentior
2684 2123 2799 2198 cst,
2849 2123 3032 2184 tanto

462 2209 713 2289 longius
760 2207 1006 2273 recedit
1053 2226 1090 2271 a
1137 2205 1452 2288 Domino',
1503 2207 1646 2271 adu.
1693 2207 1910 2273 Jouin.
1957 2208 2039 2288 Π,
2086 2211 2163 2272 21
2218 2211 2285 2274 et
2330 2225 2527 2290 saep.,
2577 2207 2935 2290 procacitas
2968 2207 3032 2271 in

463 2299 630 2364 Eccl.
685 2304 720 2364 9
769 2296 886 2363 col.
941 2301 1087 2378 458,
1140 2302 1267 2362 459
1317 2301 1384 2361 et
1431 2313 1640 2376 saepe,
1693 2293 1973 2378 qualitas
2019 2299 2166 2364 adu.
2214 2297 2545 2379 Jouin.11‚
2584 2303 2664 2362 22
2714 2315 2833 2378 pro
2880 2315 3033 2379 qua».

463 2389 649 2454 litate
708 2386 1086 2454 meritorum
1144 2386 1438 2450 diuersae
1495 2385 1879 2467 mansioneS,
1939 2385 2001 2450 in
2054 2386 2239 2452 Cant.
2290 2390 2370 2453 tr.
2428 2392 2455 2452 1
2512 2387 2627 2456 col.
2682 2391 2807 2451 506
2864 2391 3033 2454 ‘con-

465 2495 621 2556 grue
668 2496 862 2541 unam
913 2476 1303 2556 eandemque
1352 2491 1487 2537 rem
1537 2492 1653 2554 pro
1701 2473 1985 2540 locorum
2034 2473 2347 2558 qualitate
2398 2477 2674 2540 diuersis
2707 2474 3034 2540 uocabulis

465 2565 832 2647 nuncupat',
886 2565 959 2630 it.
1011 2564 1074 2628 in
1123 2565 1206 2628 Is,
1258 2563 1286 2626 I
1333 2563 1415 2626 ad
1466 2567 1520 2643 1,
1573 2568 1612 2626 8
1661 2561 1770 2649 (cf.
1823 2563 2079 2646 Lampr.
2130 2564 2314 2630 AleX.
2356 2569 2461 2645 29,
2488 2565 2587 2647 ·3),
2638 2565 2781 2628 adu.
2816 2563 3038 2630 Jouin.

467 2657 517 2737 Ι,
573 2661 674 2737 17,
729 2660 807 2721 36
858 2654 937 2719 al.
988 2652 1350 2739 (quantitas
1397 2670 1454 2717 0.
1503 2672 1554 2717 0.
1605 2671 1702 2733 ep.
1760 2659 1904 2733 148,
1956 2653 2045 2737 6),
2096 2654 2409 2720 tenacitas
2457 2652 2705 2738 (rai-iss,
2742 2652 3035 2737 Freund)

470 2764 570 2827 ep.
623 2750 724 2825 39,
791 2750 817 2809 1
889 2744 1252 2825 memoriae,
1318 2741 1603 2805 uiduitas
1666 2743 1813 2807 adu.
1870 2743 2082 2807 Jouin.
2140 2742 2221 2823 ΙΙ,
2278 2746 2378 2819 35,
2439 2742 2647 2823 Vulg.,
2710 2742 3035 2809 uitiositas

470 2852 567 2914 ep.
623 2838 724 2915 27,
783 2838 812 2895 l
864 2832 1210 2897 latinorum
1267 2830 1554 2895 codicum
1611 2828 1684 2912 (D
1734 2850 1795 2911 p.
1848 2832 2027 2913 291),
2095 2830 2485 2895 unanimitas
2534 2849 2631 2912 ep.
2689 2834 2831 2909 126,
2890 2836 2916 2892 1
2972 2828 3037 2909 (c

470 2943 532 3003 p.
588 2923 714 3004 17),
766 2922 1194 2986 *uniuersitas
1241 2938 1356 3000 pro
1406 2919 1678 2983 mundus
1726 2917 1893 3005 (Scr.
1942 2936 2005 2998 p.
2055 2917 2172 3006 57)
2220 2937 2273 2986 c.
2320 2919 2537 2984 Ioann.
2596 2922 2671 2983 17
2724 2917 3034 2983 uniuersi-

471 3012 628 3079 tatis
676 3012 964 3075 Trinitas
1014 3009 1291 3075 creatrix
1337 3007 1418 3072 al.

651 3155 971 3227 Omnium
1023 3176 1198 3244 quae
1253 3153 1530 3244 cognita
1575 3154 1907 3226 habemus
1962 3158 2102 3225 —tas
2138 3154 2489 3225 finitorum
2529 3176 2619 3227 re
2640 3174 2749 3225 ce.
2790 3150 3038 3224 Hiero-

472 3298 716 3367 nymus
761 3274 1080 3346 adhibuit
1132 3294 1348 3363 prope
1405 3279 1446 3345 6
1471 3266 1573 3365 ⁰10,
1631 3281 1700 3346 et
1764 3293 2001 3345 eorum
2066 3274 2213 3347 fere
2272 3280 2523 3364 quarta
2592 3294 2755 3363 pars
2822 3274 3039 3363 ipsius

473 3398 735 3469 censeri
784 3400 1072 3486 possunt
1125 3396 1524 3483 peculiaria.
1601 3394 1798 3483 Quod
1834 3395 1922 3465 ad
1960 3394 2493 3485 significationes
2532 3396 2804 3481 attinet,
2858 3395 3040 3464 inter

475 3517 822 3589 abusionis
878 3515 1191 3602 exempla
1243 3517 1540 3586 maxime
1594 3514 1879 3586 offendit
1932 3516 2193 3587 sanitas
2258 3536 2384 3603 pro
2454 3515 2742 3602 sanatio,
2817 3516 3041 3584 cuius-

473 3636 656 3707 modi
713 3639 817 3705 est
869 3635 1078 3705 etiam
1137 3636 1470 3705 natiuitas
1521 3632 1819 3722 Geburt,
1894 3641 1974 3705 ut
2043 3635 2113 3703 in
2185 3634 2275 3704 Is.
2343 3630 2586 3703 XVIII
2648 3634 2737 3705 ad
2802 3635 2919 3718 65,
2997 3638 3037 3703 2

475 3774 714 3826 caecus
753 3775 795 3824 a
840 3754 1233 3837 natiuitate,
1291 3755 1414 3826 sed
1451 3754 1660 3825 etiam
1714 3752 2349 3841 frequentissimum
2404 3752 2588 3841 apud
2640 3753 2802 3823 eccl.
2866 3754 3043 3823 cari-

476 3882 584 3945 tas
637 3874 873 3945 Liebe.
981 3872 1156 3945 Cum
1211 3876 1389 3946 enim
1447 3874 1699 3945 caritas
1746 3873 2027 3961 proprie
2076 3871 2413 3962 significet
2456 3884 2529 3947 τό
2582 3892 2817 3944 carum
2858 3894 3029 3960 esse,

478 4015 716 4066 uerum
772 3995 910 4065 iam
971 3994 1154 4084 apud
1205 4002 1478 4066 ueteres
1534 3993 1622 4063 ad
1675 3993 2083 4065 actionalem
2135 3995 2435 4065 transire
2490 3995 2797 4083 coeperit
2848 3999 3042 4082 pote-

479 4121 749 4205 statem,
805 4116 906 4189 ita
957 4121 1035 4186 ut
1088 4114 1508 4215 significaret
1561 4114 1770 4185 etiam
1814 4124 1887 4187 τι)
1941 4135 2175 4188 carum
2227 4114 2485 4185 habere
2554 4136 2709 4185 eum
2782 4113 3043 4184 scilicet

479 4235 694 4323 (apud
743 4233 882 4305 Cic.
925 4235 1142 4323 certe)
1193 4256 1396 4325 quem
1444 4234 1596 4323 quis
1650 4234 1883 4323 diligit
1935 4254 2014 4305 ac
2066 4234 2355 4323 suspicit
2407 4240 2481 4304 et
2530 4239 2913 4320 reueretur,
2956 4239 3045 4303 -ut

480 4354 668 4442 (1005,
723 4357 1044 4445 patriam,
1114 4360 1438 4444 parentes
1493 4353 1664 4447 (Cic.
1722 4358 1901 4442 part.
1964 4351 2105 4440 16),
2180 4374 2337 4421 111οΧ
2391 4373 2659 4423 omnem
2712 4369 3038 4439 amorem,

482 4500 548 4547 u.
620 4500 675 4547 c.
748 4477 955 4549 etiam
1025 4483 1389 4565 parentum
1457 4477 1528 4545 in
1590 4477 1875 4561 liberos,
1949 4478 2211 4543 remoto
2280 4470 2639 4543 dumtaxat
2702 4470 3041 4563 cupidinis

479 4598 748 4687 affectu,
803 4598 980 4669 hanc
1030 4620 1299 4688 quoque
1346 4596 1852 4669 distinctionem
1912 4592 2098 4682 apud
2150 4612 2348 4680 recc.,
2405 4598 2483 4663 ut
2520 4592 3037 4681 Hieronymum,
