3409 5300
1714 469 1836 530 172

491 683 690 763 princ.
737 680 817 762 II,
871 688 929 761 9,
984 688 1041 759 3,
1091 679 1359 746 rutilare
1406 678 1582 766 (95):
1631 681 1831 761 princ.
1865 679 1944 762 ΙΙ,
2002 687 2060 759 9,
2114 685 2149 744 5
2201 678 2688 746 ‘ut..eluceant
2735 679 2846 743 alii
2891 678 3056 744 ruti-

489 770 747 836 lantius’
794 769 1191 852 (rutilantior
1239 770 1391 833 Ven.
1446 769 1672 850 Fort.),
1723 769 1800 834 cf.
1849 789 1910 850 p.
1967 773 2092 832 160
2141 769 2222 832 ad
2272 768 2680 845 ‘radicatior’,
2717 803 2801 815 --
2843 787 3055 833 sacer-

492 859 757 926 dotalis:
822 860 883 922 in
954 859 1106 924 Leu.
1166 865 1224 936 5,
1294 863 1329 922 3
1393 859 1457 922 in
1520 857 1742 922 officiis
1805 857 2312 924 sacerdotalibus
2377 858 2479 939 al.,
2545 859 3054 922 *sacramentum

491 948 667 1036 (41):
718 953 791 1012 ut
836 948 1061 1012 bened.
1114 949 1188 1025 ΙΙ,
1247 954 1344 1024 10,
1398 953 1456 1028 3,
1508 948 1771 1028 princ.I
1818 967 1916 1028 pr.
1950 953 2010 1027 8,
2061 948 2123 1011 11.
2157 965 2326 1011 mon.
2366 952 2446 1010 14
2495 953 2562 1012 3ι
2616 952 2714 1027 15,
2765 947 3058 1011 saluator

491 1039 663 1120 (33):
716 1056 768 1100 e.
819 1055 869 1100 c.
920 1038 984 1101 in
1034 1037 1239 1100 Leuit.
1297 1041 1395 1117 12,
1456 1042 1506 1113 1,
1568 1036 2018 1101 sanctificatio:
2067 1039 2141 1100 ut
2187 1035 2246 1099 h.
2299 1034 2446 1100 eccl.
2497 1037 2575 1117 X,
2627 1042 2685 1116 3,
2737 1037 3056 1100 *sanitas:

492 1129 552 1192 h.
603 1146 769 1190 mon.
826 1132 847 1187 1
907 1145 968 1206 p.
1026 1131 1147 1188 123
1213 1126 1550 1189 ‘concessit
1598 1125 1720 1189 tibi
1781 1126 2060 1190 omnium
2126 1124 2495 1188 morborum
2560 1125 2946 1201 sanitatem’,
3016 1130 3054 1186 2

492 1236 555 1296 p.
612 1221 731 1278 139
800 1219 885 1278 ‘et
931 1215 1087 1278 alias
1151 1213 1651 1294 quamplurimas
1671 1216 1736 1298 *)
1799 1215 2110 1279 sanitates
2175 1213 2588 1294 operabatur’
2654 1213 2756 1294 al.,
2826 1231 3056 1278 saxeus

492 1307 667 1387 (71):
716 1308 789 1368 ut
832 1304 1032 1384 princ.
1085 1304 1194 1383 111,
1254 1310 1305 1379 1,
1361 1308 1458 1381 14,
1522 1302 1956 1368 scandalizare
2006 1301 2180 1384 (94):
2232 1303 2296 1364 in
2349 1303 2449 1366 Ps.
2505 1307 2586 1365 36
2640 1303 2699 1364 h.
2752 1309 2810 1383 3,
2865 1308 2898 1364 3
2950 1301 3055 1383 al.,

491 1395 853 1473 *scriptura
900 1390 1075 1477 (28):
1140 1391 1399 1473 passim,
1458 1397 1530 1455 ut
1578 1393 1772 1472 princ.
1823 1392 1930 1471 IV,
1987 1397 2041 1470 1,
2096 1397 2131 1453 7
2200 1391 2568 1470 Scripturae
2607 1391 2903 1468 diuinae,
2971 1391 3056 1455 ib.

497 1488 575 1546 33
629 1482 986 1562 canonicae,
1035 1483 1168 1546 abs.
1220 1481 1297 1557 II,
1350 1487 1409 1558 4,
1462 1487 1497 1543 3
1550 1481 1980 1560 Scriptura...,
2032 1479 2491 1560 scrupulositas
2540 1479 2715 1564 (38);
2766 1481 2826 1542 in
2874 1480 3056 1544 Rom.

491 1573 602 1652 IX,
641 1576 723 1635 42
772 1569 945 1633 nulla
994 1570 1403 1650 cogitationis
1453 1568 1912 1650 scrupulositas
1961 1569 2215 1646 iniecta,
2267 1569 2580 1633 scrutatio
2627 1568 2851 1632 transl.
2893 1587 3056 1633 rece.

495 1667 561 1724 et
608 1660 819 1724 Hier.:
870 1659 1012 1723 add.
1065 1678 1127 1739 p.
1178 1664 1280 1739 21,
1332 1661 1678 1722 *sectatorz
1730 1658 1792 1723 h.
1842 1656 1988 1722 eccl.
2025 1658 2107 1738 X,
2159 1663 2260 1735 25,
2313 1657 2687 1722 *secularist
2737 1675 2933 1737 saep.,
2987 1663 3059 1721 ut

495 1750 557 1813 in
608 1749 766 1812 Gen.
824 1752 922 1826 13,
976 1754 1011 1809 3
1065 1746 1194 1828 ‘qui
1242 1746 1560 1811 seculares
1607 1746 1831 1811 literas
1879 1745 2103 1827 nouit’,
2155 1744 2502 1811 *seculumz
2563 1765 2735 1826 saep.
2787 1766 2838 1809 e.
2892 1765 2941 1808 3.
2994 1747 3055 1809 11.

495 1857 660 1902 mon.
713 1855 807 1917 pr.
858 1835 1055 1900 seculi
1112 1835 1464 1914 illecebraS,
1531 1837 1731 1915 princ.
1784 1836 1862 1915 ΙΙ,
1917 1840 1978 1913 3,
2029 1841 2063 1898 5
2115 1836 2223 1912 in.‚
2289 1835 2620 1899 seductor:
2689 1836 2746 1898 h.
2798 1853 2965 1898 mon.
3017 1841 3054 1898 9

496 1947 556 2008 p.
612 1930 734 1990 166
785 1924 887 2005 31.,
938 1926 1222 1989 seminex
1268 1925 1440 2010 (76):
1492 1925 1554 1989 h.
1604 1925 1751 1990 eccl.
1802 1925 1879 2003 X,
1936 1930 1962 1987 1
2019 1924 2120 2002 al.,
2172 1924 2561 1988 *sensibilist
2617 1924 2817 2003 princ.
2867 1924 2944 2002 ΙΙ,
2996 1930 3057 2004 8,

503 2022 527 2079 1
584 2015 689 2094 31.,
738 2014 1133 2079 sensibiliter
1178 2015 1358 2099 <63):
1407 2019 1479 2078 ut
1527 2015 1590 2077 in
1639 2014 1746 2078 Ps.
1797 2017 1878 2076 38
1927 2013 1989 2078 h.
2045 2019 2104 2091 2,
2155 2018 2215 2093 8,
2265 2011 2558 2077 *sensusz
2608 2013 2670 2075 in
2719 2013 2908 2076 Num.
2961 2018 3056 2093 19,

498 2109 533 2167 3
589 2103 865 2167 ‘uidetur
911 2109 970 2167 et
1014 2103 1374 2168 coniunctio
1422 2102 1859 2168 interturbare
1909 2101 2208 2182 sensum’,
2259 2102 2323 2166 in
2369 2101 2523 2166 Leu.
2568 2106 2665 2182 15,
2722 2107 2776 2180 1,
2826 2102 3058 2181 *septi-

498 2211 713 2256 mana:
763 2192 961 2272 princ.
1009 2192 1115 2270 IV,
1158 2195 1211 2269 1,
1251 2197 1285 2254 5
1337 2210 1667 2268 annorum,
1718 2192 1784 2255 in
1834 2191 1986 2254 Len.
2037 2196 2096 2269 8,
2149 2196 2188 2253 4
2237 2191 2502 2270 dierum,
2555 2196 2612 2267 9,
2667 2195 2701 2253 5
2755 2191 2883 2271 ‘qui
2920 2191 3059 2254 dies

499 2286 600 2346 est
645 2286 795 2361 post
840 2286 1089 2361 septem
1138 2281 1530 2361 septimanas
1579 2279 1884 2359 Paschae,
1943 2280 2008 2343 id
2055 2285 2157 2343 est
2204 2279 2608 2344 Pentecoste’
2657 2279 2762 2360 al.,
2810 2281 3060 2344 *sermo

498 2372 607 2452 (85
661 2371 816 2451 sq.):
881 2371 942 2433 in
994 2371 1173 2435 Rom.
1229 2369 1297 2449 V,
1348 2375 1387 2432 8
1438 2370 1739 2446 ‘dimam
1799 2370 1909 2449 qui
1959 2387 2168 2432 sermo
2219 2372 2560 2448 utrumque
2611 2368 2946 2447 significat,
2995 2373 3063 2432 et

500 2459 705 2523 denuo
754 2462 821 2522 et
867 2459 945 2522 de
993 2458 1473 2538 superioribus',
1534 2457 1641 2535 IV,
1698 2465 1754 2537 2,
1804 2458 1868 2521 in
1919 2457 2026 2522 Ps.
2079 2461 2160 2520 36
2207 2457 2269 2519 11.
2325 2463 2379 2535 1,
2440 2462 2492 2536 1,
2552 2457 2840 2521 sidereus
2887 2457 3058 2538 (71):

500 2547 696 2628 princ.
744 2545 823 2621 ΙΙ,
877 2553 933 2623 9,
987 2554 1045 2627 5,
1097 2547 1525 2627 signaculum:
1574 2547 1636 2610 in
1688 2546 1874 2610 Cant.
1924 2545 2018 2608 111
2064 2565 2124 2626 p.
2171 2550 2250 2608 62
2302 2545 2406 2625 31.,
2457 2545 2952 2625 *significantia:
2996 2545 3061 2608 in

499 2635 647 2703 Jud.
710 2641 767 2713 9,
834 2641 869 2700 2
936 2634 1036 2714 al.,
1104 2635 1546 2715 singularitas:
1613 2635 1774 2717 prol.
1823 2636 1886 2699 in
1954 2632 2139 2701 Cant.
2188 2654 2252 2715 p.
2305 2640 2430 2700 302
2494 2641 2790 2701 naturam
2852 2634 3060 2700 trinae

501 2724 991 2805 singularitatiS,
1058 2725 1479 2790 sollemnitas:
1542 2744 1738 2807 saep.,
1793 2744 1845 2788 e.
1898 2744 1948 2788 c.
1999 2725 2060 2789 h.
2109 2743 2276 2788 mon.
2329 2729 2364 2787 7
2416 2744 2476 2805 p.
2533 2728 2678 2802 151,
2747 2724 3058 2805 sospitas:

500 2814 567 2877 in
608 2815 786 2877 Rom.
820 2813 900 2892 ΙΙ,
940 2818 975 2878 6
1026 2814 1326 2895 sparsim:
1378 2816 1440 2877 in
1478 2815 1629 2878 Leu.
1668 2820 1726 2891 6,
1765 2820 1798 2877 5
1855 2817 2036 2894 ‘quae
2061 2863 2074 2877 .
2102 2866 2114 2878 .
2140 2814 2410 2894 sparsim
2459 2832 2496 2877 a
2543 2814 2728 2878 nobis
2777 2819 2843 2879 et
2873 2831 3063 2893 saepe

502 2903 780 2966 disserta
826 2903 1015 2982 sunt’,
1077 2904 1141 2967 in
1188 2904 1370 2968 Rom.
1422 2904 1527 2985 VI,
1579 2908 1613 2966 6
1665 2909 1732 2967 et
1781 2921 1974 2982 saep.,
2035 2901 2332 2982 specialis
2383 2903 2554 2985 (51):
2613 2908 2687 2967 ut
2733 2904 2932 2983 princ.
2979 2901 3061 2980 II,

505 2999 562 3070 3,
618 2996 674 3072 2,
736 2997 865 3056 -ter
911 2990 1089 3075 (ib.):
1155 2997 1227 3056 ut
1285 2993 1347 3056 in
1399 2992 1557 3055 Gen.
1611 2997 1667 3069 4,
1721 2998 1779 3069 5,
1848 2992 2166 3071 spiramen
2233 2990 2409 3077 (42):
2479 2992 2679 3072 princ.
2728 2992 2835 3072 IV,
2895 2996 2946 3069 1,
3001 2992 3059 3069 6,

502 3080 929 3160 *spiritualisz
980 3080 1044 3144 in
1078 3081 1231 3145 Leu.
1270 3086 1327 3163 3,
1367 3086 1402 3144 6
1453 3081 1645 3161 ‘quod
1693 3080 2038 3145 secundum
2085 3080 2342 3144 literam
2391 3080 2650 3145 uidetur
2693 3080 3061 3157 absurdum,

504 3168 846 3233 secundum
895 3170 1298 3249 spiritualem
1346 3188 1500 3234 uero
1549 3169 2054 3249 intellegentiam
2119 3172 2362 3232 certum
2429 3174 2546 3249 est,
2611 3170 2780 3250 quod
2843 3170 3065 3232 remis·

504 3258 743 3321 sionem
793 3263 1200 3338 peccatorum
1250 3258 1460 3322 nullus
1524 3259 1812 3339 accipiat,
1878 3258 2002 3321 nisi
2059 3256 2368 3323 detulerit
2413 3259 2769 3336 integram.
2795 3257 3063 3337 .fidem’,

505 3347 565 3411 h.
626 3351 677 3425 1,
735 3352 787 3427 1,
838 3348 899 3411 h.
950 3353 1049 3426 15,
1108 3352 1132 3409 1
1192 3348 1290 3411 ‘ad
1339 3346 1740 3427 spiritualem
1789 3364 2044 3411 sensum
2093 3347 2458 3411 ascendere’
2509 3351 2574 3411 et
2621 3366 2816 3427 saep.,
2868 3346 3066 3411 *-ter:

504 3435 565 3498 in
614 3434 803 3499 Num.
858 3440 960 3516 24,
1015 3440 1051 3499 2
1118 3437 1193 3500 ‘si
1242 3454 1491 3500 omnem
1537 3436 1743 3515 legem
1794 3434 2224 3515 spiritualiter
2277 3435 2564 3516 impleat'
2629 3441 2695 3501 et
2755 3453 3066 3516 persaepe

504 3525 683 3605 (opp.
730 3525 839 3605 qui
892 3525 1311 3604 corporaliter
1358 3525 1541 3589 audis
1590 3526 1651 3587 in
1702 3524 1858 3588 Leu.
1905 3529 2005 3602 12,
2059 3530 2118 3604 2,
2169 3528 2237 3587 3ι
2283 3525 2421 3588 sim.
2457 3522 2589 3611 aL),
2642 3528 3068 3606 spontaneus:

502 3614 569 3676 in
618 3611 772 3679 LeU.
830 3618 927 3692 14,
980 3618 1018 3675 4
1066 3613 1167 3693 al.,
1227 3610 1584 3677 ⁵⁰*status:
1634 3612 1712 3677 cf.
1761 3613 1960 3692 princ.
2011 3612 2091 3692 II,
2144 3618 2204 3692 8,
2259 3617 2294 3675 3
2346 3616 2548 3678 ‘mens
2594 3614 2672 3677 de
2722 3618 2899 3679 statu
2949 3630 3064 3677 suo

506 3700 850 3766 declinans’
898 3701 1002 3781 al.,
1062 3707 1410 3767 statutum:
1460 3702 1519 3765 h.
1572 3702 1720 3766 eccl.
1770 3701 1881 3781 XI,
1937 3706 2012 3765 16
2063 3706 2312 3765 statuta
2361 3701 2710 3775 ecclesiae,
2744 3701 3068 3767 stoliditas

505 3790 679 3871 (38):
724 3792 926 3870 princ.
959 3790 1009 3871 Ι,
1061 3797 1118 3869 7,
1174 3796 1229 3871 3,
1281 3797 1651 3869 stupescere
1700 3789 1878 3874 (97):
1929 3791 1992 3853 in
2043 3789 2256 3871 Symb.
2310 3795 2385 3853 21
2440 3790 2598 3855 haec
2643 3790 3070 3871 stupescenda

506 3878 820 3959 omnibus,
872 3880 1213 3945 subaudire
1261 3879 1483 3964 (100):
1531 3885 1606 3944 ut
1650 3881 1716 3943 in
1766 3879 1944 3943 Rom.
1992 3878 2101 3957 IV,
2152 3882 2190 3941 8
2240 3898 2302 3959 p.
2355 3884 2482 3941 290
2532 3877 2633 3955 31.,
2685 3879 3067 3944 *subiectioz

505 3968 571 4030 in
624 3966 807 4031 Cant.
842 3967 901 4030 11
934 3986 997 4047 p.
1032 3973 1160 4033 416
1204 3968 1307 4049 al.,
1358 3968 1712 4048 subiugalis
1761 3965 1937 4051 (51):
1986 3967 2185 4047 princ.
2223 3968 2270 4048 I,
2306 3973 2366 4047 8,
2402 3974 2463 4048 4,
2513 3968 2859 4032 sublimare
2893 3969 3068 4050 (95):

509 4055 568 4118 h.
618 4074 784 4121 mon.
842 4062 867 4119 1
921 4074 985 4135 p.
1026 4062 1169 4133 133,
1219 4058 1647 4123 ³*subsisterez
1694 4056 1894 4137 princ.
1928 4054 2009 4137 ΙΙ,
2047 4060 2106 4135 9,
2145 4061 2178 4118 2
2233 4056 2671 4122 ‘rationabiles
2719 4062 3066 4121 naturae..

683 4330 739 4399 ³¹³)
786 4331 871 4384 Ita
907 4329 1387 4398 quamplurimi
1432 4344 1539 4383 non
1577 4330 1701 4397 iam,
1741 4335 1802 4382 ut
1837 4334 1986 4397 uett.,
2027 4329 2251 4383 relatiue
2289 4330 2374 4397 (ut
2413 4342 2456 4381 3.
2489 4344 2534 4381 3.
2573 4328 2750 4381 Caes:
2800 4334 2862 4381 ut
2909 4342 3069 4395 quam

506 4401 763 4470 plurimos
788 4432 857 4440 -—
895 4417 969 4455 sc.
1006 4407 1185 4469 posset
1220 4430 1288 4439 —
1328 4401 1491 4454 colles
1528 4400 1854 4471 occuparet),
1897 4401 1991 4455 sed
2027 4400 2266 4455 absolute
2306 4400 2339 4453 i.
2377 4399 2594 4467 plurimi
2631 4400 2718 4452 uel
2756 4398 3070 4467 perplurimi

506 4474 667 4541 freq.
704 4473 836 4525 Ruf
845 4473 1017 4541 11133,
1069 4487 1113 4525 e.
1153 4488 1198 4525 3.
1235 4472 1405 4539 princ.
1442 4472 1496 4525 II
1532 4488 1613 4539 pr.
1651 4474 1712 4525 8:
1761 4472 1923 4525 alium
1971 4473 2236 4539 quendam
2285 4470 2545 4539 (sensum)
2595 4470 2850 4525 latentem
2886 4485 3070 4539 quam-

505 4544 776 4611 plurimOS,
813 4544 885 4611 II,
925 4548 977 4612 8,
1008 4548 1065 4596 1;
1106 4543 1400 4597 animantia
1435 4558 1549 4597 esse
1586 4542 1811 4612 (angeli)
1849 4560 1882 4597 a
1919 4541 2323 4612 quamplurimis
2360 4542 2688 4609 sentiuntur3
2730 4542 2870 4596 idem
2906 4540 3069 4594 etiam

508 4616 937 4682 quamplures
984 4615 1271 4683 interdum,
1330 4619 1390 4668 ut
1434 4614 1488 4666 h.
1527 4615 1657 4668 eccl.
1694 4614 1792 4682 XI,
1833 4617 1891 4667 8:
1941 4614 2073 4669 alios
2119 4613 2489 4681 quamplureS,
2549 4613 2690 4681 quod
2747 4629 2833 4681 ap.
2881 4612 3067 4665 Hier.

508 4701 719 4755 quoque
755 4685 1027 4741 inuenitur
1065 4686 1261 4755 (Scrut.
1300 4703 1352 4754 p.
1395 4685 1503 4755 14).
