3409 5300
1581 446 1666 507 89

351 661 728 734 deteriores
796 681 932 732 non
999 659 1377 732 fastidiant.
1487 659 1795 733 Econtra
1857 659 2277 750 Hieronymo
2330 659 2537 732 libuit
2584 661 2903 732 masculi-

349 803 590 852 norum
657 780 994 853 uocatiuis
1047 782 1281 852 ‘meus’
1333 760 1727 870 adiungere,
1792 781 2011 853 ueluti
2062 781 2133 850 in
2187 780 2399 850 Mich.
2448 779 2518 852 II
2572 781 2659 854 ad
2714 785 2779 870 6,
2860 785 2899 852 3

351 923 450 991 sq.
507 901 758 990 popule
811 921 1088 986 meuS,
1143 900 1214 968 in
1271 899 1482 970 Abac.
1537 899 1571 968 Ι
1625 898 1711 970 ad
1775 905 1835 987 l,
1883 904 1970 971 13
2016 922 2115 989 sq.
2157 900 2427 972 domine
2464 900 2653 974 Deus
2688 921 2901 990 meUS,

351 1029 582 1093 sancte
633 1041 826 1092 meus
880 1019 994 1108 al.,
1060 1025 1136 1089 ut
1189 1026 1419 1090 tamen
1471 1017 1644 1090 alios
1697 1040 1967 1108 quoque
2021 1026 2179 1091 ante
2234 1041 2385 1090 eum
2440 1023 2702 1097 locutos
2756 1042 2905 1094 esse

350 1141 550 1212 Voss.
605 1140 782 1212 anal.
843 1138 966 1226 IV,
1026 1143 1092 1227 8,
1147 1138 1305 1210 dein
1355 1139 1476 1208 alii
1527 1144 2051 1211 annotauerunt.

521 1259 872 1330 Adiectiui
906 1279 1096 1328 more
1132 1257 1386 1328 milia
1412 1260 1719 1329 iunctum
1748 1259 2003 1328 nomini
2048 1258 2481 1330 substantiuo
2513 1261 2901 1332 inuenimus

348 1383 431 1452 In
497 1379 682 1450 Eccl.
742 1384 782 1450 6
857 1379 982 1448 col.
1055 1383 1201 1450 433
1265 1378 1558 1450 ‘etiamsi
1623 1397 1759 1446 non
1822 1384 1900 1448 ut
1960 1377 2183 1450 Adam
2237 1399 2455 1467 prope
2500 1378 2709 1468 mille,
2784 1379 2905 1450 sed

351 1498 690 1570 duobus
745 1498 1112 1570 milibus
1166 1498 1422 1570 uixerit
1475 1498 1774 1568 annis’.
1883 1497 2107 1584 LociS,
2164 1499 2235 1568 in
2274 1499 2521 1590 quibus
2556 1499 2904 1572 milleni

347 1618 643 1690 habetur
713 1615 784 1712 (3
856 1641 923 1714 n·
981 1622 1125 1691 650
1178 1619 1314 1708 sq.)
1389 1639 1566 1689 nunc
1627 1618 1945 1689 addimus
1998 1618 2193 1688 Hier.
2271 1640 2377 1707 ep.
2450 1621 2567 1706 51,
2642 1623 2683 1693 6
2746 1627 2905 1708 post

349 1759 561 1810 annos
627 1739 1042 1810 millenos
1121 1745 1442 1809 centenos
1519 1737 1847 1810 undenos.
1956 1729 2377 1809 Constanter‘
2442 1737 2904 1832 Hieronymus

349 1866 546 1929 octo
601 1880 871 1948 quoque
943 1866 1012 1932 et
1067 1879 1372 1930 nouem
1442 1857 1745 1930 denariis
1807 1859 2109 1930 numeris
2174 1857 2497 1932 addere
2556 1859 2763 1947 solet,
2826 1866 2907 1933 ut

349 1978 580 2050 decem
650 1985 720 2049 et
785 1983 984 2049 octo,
1022 2034 1088 2066 .,
1163 1985 1404 2051 contra
1469 1979 2028 2050 consuetudinem
2100 1986 2296 2068 uett.,
2366 1979 2902 2053 obsolescentem

349 2099 730 2188 posteriore
785 2105 1036 2186 aetate,
1108 2097 1284 2168 tales
1351 2119 1668 2170 numeros
1721 2120 1846 2188 per
1900 2099 2457 2188 subtractionem,
2526 2106 2607 2170 ut
2650 2099 2907 2173 duode-

347 2219 644 2306 uiginti.
685 2273 748 2306 .,
801 2217 1230 2306 proferendi:
1295 2239 1400 2306 ep.
1461 2222 1580 2306 36,
1651 2223 1733 2289 10
1784 2218 2078 2290 decem
2130 2227 2215 2291 et
2266 2226 2459 2291 octo
2516 2220 2733 2291 ferme
2782 2241 2903 2290 an-

349 2360 612 2426 norum,
687 2339 842 2409 aclu.
916 2338 1138 2408 Rufin.
1216 2339 1270 2425 Ι,
1343 2343 1459 2426 22,
1531 2337 1686 2409 adu.
1760 2339 1989 2410 Jouin.
2062 2339 2152 2428 II,
2212 2344 2329 2428 24,
2387 2340 2460 2408 in
2510 2339 2657 2411 Jer.
2720 2342 2755 2412 I
2809 2341 2901 2414 111.

348 2459 543 2531 annis
595 2460 898 2530 decem
953 2466 1040 2530 et
1093 2481 1422 2546 nouem,
1476 2460 1546 2529 in
1601 2459 1779 2529 Dan.
1835 2480 1939 2547 pr.
1997 2458 2225 2530 tribus
2277 2459 2765 2547 uoluminibus,
2834 2460 2905 2533 id

348 2587 454 2651 est
507 2588 814 2651 octauo
879 2580 1216 2651 decimo
1284 2587 1355 2651 et
1421 2600 1599 2648 nono
1649 2580 1909 2652 decimo
1965 2587 2035 2651 et
2084 2580 2429 2669 uicesim0,
2489 2602 2599 2670 ep.
2654 2585 2776 2670 30,
2838 2585 2899 2670 1,

346 2700 420 2769 in
484 2699 574 2771 Is.
642 2702 673 2770 I
737 2700 820 2771 ad
883 2707 950 2789 2,
1028 2705 1072 2770 4
1139 2701 1644 2772 uicesimum
1714 2708 2113 2771 octauum
2182 2722 2457 2789 annum,
2532 2707 2741 2791 atque
2805 2702 2905 2773 ita

349 2843 640 2911 semper.
2482 2816 2486 2821 ’

518 2940 692 3011 Eam
748 2963 1016 3030 quoque
1069 2962 1240 3011 recc.
1296 2942 1715 3028 abusionem,
1784 2963 1923 3030 qua
1990 2941 2323 3014 aduerbia
2389 2941 2748 3029 ordinalia,
2829 2949 2904 3012 ut

346 3060 792 3148 secundo..,
861 3082 1013 3149 pro
1083 3061 1857 3149 multiplicatiuis
1926 3062 2461 3149 usurpabantur,
2547 3066 2626 3131 ut
2694 3061 2898 3133 Treb.

346 3178 529 3251 Gall.
594 3184 684 3252 17
745 3182 940 3251 ‘lauit
993 3181 1076 3251 ad
1137 3182 1317 3252 diem
1371 3183 1664 3270 septimo
1720 3183 1832 3271 (=
1888 3181 2171 3270 septies)
2226 3186 2493 3251 aestate
2536 3180 2647 3251 uel
2685 3189 2899 3267 sext0,

343 3302 568 3372 hieme
621 3301 961 3389 secundo’,
1014 3300 1473 3391 Hieronymus
1529 3302 1801 3390 saepius
1854 3301 2154 3387 admisit,
2213 3307 2290 3371 ut
2342 3302 2412 3370 in
2466 3300 2555 3370 Is.
2594 3298 2767 3374 VIII
2816 3300 2903 3371 ad

349 3425 468 3509 26,
530 3427 569 3491 2
635 3443 780 3512 sqq.
856 3426 1135 3510 ‘pacem,
1208 3443 1410 3511 quam
1463 3422 1811 3510 pollicitus
1882 3442 1954 3492 es
2006 3442 2140 3491 non
2194 3420 2413 3491 solum
2478 3419 2713 3509 semel,
2784 3421 2904 3491 sed

345 3552 378 3612 s
401 3563 492 3611 ec
511 3565 554 3611 u
574 3543 768 3630 ndo,
823 3549 901 3611 ut
956 3562 1198 3614 secura
1249 3544 1340 3612 sit
1393 3542 1783 3627 retributi0,
1840 3562 2015 3630 quae
2076 3541 2335 3629 duplici
2388 3561 2697 3611 sermone
2744 3562 2903 3629 pro-

343 3662 694 3751 mittitur’,
751 3684 896 3751 reg.
944 3662 1262 3733 Pachom.
1319 3667 1406 3731 21
1476 3662 1874 3750 ‘disputatio
1921 3682 2047 3749 per
2101 3662 2407 3751 singulas
2442 3660 2905 3733 hebdomadas
2972 3746 2977 3751 ,

342 3784 634 3853 tertio
681 3782 846 3868 fiet',
895 3784 966 3852 in
1020 3782 1233 3853 Abac.
1287 3782 1354 3851 II
1408 3782 1496 3853 ad
1555 3786 1621 3869 3,
1686 3786 1978 3853 11—-13
2038 3782 2243 3871 ‘quod
2296 3782 2478 3855 idem
2529 3783 2904 3856 1101110110-

343 3909 635 3991 quenter
701 3909 942 3972 unctus
1012 3903 1424 3989 inueniatur,
1499 3902 1793 3991 denique
1857 3904 2087 3974 Dauid
2159 3905 2367 3975 tertio
2434 3912 2681 3977 unctus
2748 3908 2901 3991 est',

343 4024 415 4091 in
455 4021 610 4091 Am.
667 4022 700 4092 I
753 4022 843 4092 ad
903 4027 964 4108 1,
1027 4026 1091 4091 5.

517 4140 776 4211 Crebro
830 4140 1292 4230 Hieronymus
1343 4143 1690 4213 nominum
1744 4144 1849 4215 ab
1870 4150 2409 4215 stractorum
2464 4168 2745 4218 numero
2801 4147 2906 4218 uti

341 4260 521 4331 solet
573 4262 957 4350 plurali,
1017 4259 1137 4333 sed
1188 4282 1308 4332 nos
1363 4282 1599 4332 earum
1647 4263 2007 4333 dumtaxat
2054 4284 2318 4353 uocum,
2390 4286 2561 4355 quas
2610 4266 2697 4337 ab
2747 4266 2903 4335 aliis

339 4381 815 4467 scriptoribus,
889 4381 1392 4471 antiquioribus
1460 4382 1735 4471 quidem
1804 4389 2011 4472 atque
2061 4384 2346 4455 eundem
2400 4383 2469 4455 in
2524 4384 2797 4455 modum
2811 4382 2899 4470 ²¹³),

523 4586 580 4654 ³³)
628 4592 689 4639 ut
725 4603 770 4641 e.
812 4604 858 4641 c.
897 4587 1276 4642 amaritudines
1313 4602 1396 4655 ep.
1435 4591 1520 4655 31,
1562 4593 1608 4656 1,
1645 4586 1769 4641 adu.
1806 4586 1987 4642 Jouin.
2025 4588 2097 4655 ΙΙ,
2138 4593 2229 4657 37,
2268 4588 2444 4657 Vulg.,
2476 4616 2543 4625 —
2576 4586 2694 4639 Val.
2736 4561 2900 4657 Mam,

333 4674 510 4745 App„
559 4675 910 4750 obscuritates
943 4692 1027 4745 ep.
1071 4680 1188 4745 121,
1224 4679 1258 4729 8
1309 4675 1497 4731 ‘omnis
1543 4673 1795 4744 Epistula
1838 4674 1907 4748 ad
1942 4675 2223 4751 ‘Romanos
2270 4676 2447 4731 nimiis
2470 4672 2903 4739 :obscuritatibus
