3409 5300
1453 471 1673 567 „¹⁷3

335 681 458 748 hoc
502 680 661 763 ipsn,
722 680 952 762 quia..
978 699 1120 746 esse
1176 686 1547 762 coeperunt,
1612 680 1972 748 necessario
2037 679 2895 746 conuertibiles..substite-

334 771 509 836 runt’
558 770 659 849 al.,
722 769 1197 835 substantialis:
1260 771 1321 833 h.
1371 789 1539 834 mon.
1592 775 1627 832 7
1678 789 1739 851 p.
1797 775 1920 834 145
1969 769 2072 849 al.,
2138 775 2298 835 ·ter:
2361 771 2428 834 in
2479 769 2694 851 Symb.
2745 775 2780 832 7
2831 775 2899 834 et

336 879 537 941 saep„
588 859 1070 924 substantians:
1114 864 1189 923 ut
1231 859 1273 922 1.
1324 858 1387 940 1.,
1438 859 1808 924 subuersio:
1855 877 1974 940 pro
2022 859 2198 937 Orig.
2247 878 2308 940 p.
2343 863 2471 922 320
2519 859 2624 938 al.,
2677 858 2897 922 subur-

336 949 610 1013 bicarias
656 964 708 1016 11.
746 963 875 1017 eccl.
912 963 981 1031 X,
1022 967 1074 1032 6,
1122 963 1180 1016 G.
1220 965 1341 1032 Tin,
1390 966 1503 1018 sch.
1540 965 1687 1032 Jun„
1749 947 2172 1013 sufficienter:
2227 966 2423 1028 saep,
2483 953 2556 1012 ut
2601 949 2668 1011 in
2716 949 2896 1012 Rom.

341 1036 508 1118 VIII,
560 1043 618 1116 7,
667 1039 1084 1116 ql*suggererez
1135 1037 1194 1101 h.
1245 1055 1413 1103 mon.
1468 1043 1494 1101 1
1551 1058 1614 1119 p.
1670 1041 1793 1100 136
1843 1036 1944 1118 al.,
1991 1036 2394 1116 *suggestioz
2443 1037 2504 1100 in
2555 1037 2741 1102 Num.
2793 1041 2897 1115 27,

343 1134 421 1191 12
474 1126 806 1205 ‘malignas
853 1126 1301 1206 suggestiones
1350 1127 1657 1192 contrarii
1706 1127 1995 1206 spiritus’
2043 1125 2147 1205 al.,
2198 1126 2562 1190 summitas:
2611 1127 2675 1189 in
2711 1125 2896 1191 Cant.

338 1217 431 1280 III
477 1235 539 1296 p.
589 1221 673 1280 42
720 1215 889 1294 fidei,
953 1215 1542 1296 superabundantia
1604 1214 1780 1301 (44):
1843 1217 1908 1279 in
1971 1217 2153 1280 Rom.
2203 1215 2276 1292 V,
2329 1219 2364 1277 7
2415 1214 2516 1289 al.,
2567 1233 2899 1296 supercoe-

336 1306 553 1370 lestis:
615 1305 813 1385 princ.
863 1303 944 1385 II,
998 1309 1055 1382 3,
1110 1309 1146 1369 6
1194 1305 1299 1384 al.,
1362 1307 1792 1386 superducere
1854 1305 2072 1386 (105):
2137 1305 2199 1368 iu
2263 1305 2442 1369 Rom.
2501 1303 2584 1381 ΙΙ,
2643 1310 2682 1368 8
2747 1307 2900 1369 ‘ser-

338 1413 587 1459 monem
650 1393 977 1458 doctrinae
1041 1412 1311 1473 prauum
1375 1405 1441 1458 et
1502 1392 1932 1459 adulterinum
2005 1394 2064 1456 ei
2133 1393 2607 1474 superducens’,
2681 1411 2900 1473 super-

342 1484 607 1562 scriptio
655 1480 833 1568 (11):
895 1483 959 1545 in
1006 1482 1187 1548 Rom.
1241 1482 1345 1561 IV,
1401 1489 1428 1547 1
1499 1503 1558 1564 p.
1612 1487 1736 1546 242
1789 1482 1889 1560 al.,
1956 1482 2437 1563 supplantator:
2503 1482 2568 1545 in
2613 1483 2773 1547 Jesu
2819 1481 2898 1546 N.

350 1579 403 1653 1,
464 1580 487 1634 1
546 1571 998 1653 supplantator
1041 1573 1262 1653 Jacob,
1312 1573 1689 1653 supputatio
1735 1569 1914 1657 (21):
1962 1572 2027 1634 iu
2075 1572 2278 1636 Exod.
2322 1576 2420 1650 13,
2468 1576 2504 1634 3
2555 1574 2679 1637 ‘est
2725 1589 2902 1636 mens

343 1680 561 1726 eorum
609 1662 673 1724 in
722 1661 1288 1741 supputationibus
1334 1660 1538 1741 lucri’,
1588 1661 1998 1741 supradictus
2047 1658 2227 1746 (97):
2276 1660 2338 1725 h.
2386 1679 2553 1725 mon.
2605 1665 2641 1722 7
2675 1679 2734 1740 p.
2779 1665 2898 1723 148

346 1752 431 1815 in.
478 1749 580 1830 al.,
629 1750 1089 1814 *sustentatioz
1136 1751 1197 1814 in
1252 1749 1411 1815 Gen.
1460 1755 1561 1830 17,
1612 1757 1649 1814 9
1700 1749 1906 1814 cibum
1957 1749 2416 1814 sustentationi
2463 1749 2753 1828 corporis
2799 1747 2918 1824 al.,·

344 1875 429 1884 --
475 1840 682 1904 *tanti
728 1840 906 1921 (85):
953 1838 1121 1919 apol.
1168 1839 1217 1919 I,
1270 1844 1349 1903 35
1402 1844 1543 1905 ‘non
1594 1839 1852 1920 quidem
1901 1839 2132 1919 omnia,
2170 1841 2363 1903 ..sed
2413 1842 2612 1914 tanta,
2663 1841 2904 1918 quanta

344 1928 717 1994 satisfacere
764 1927 1125 2007 legentibus
1172 1928 1444 2008 possint’
1492 1927 1594 2006 al.,
1652 1929 1716 1992 in
1767 1932 2016 1992 tantum
2065 1933 2140 1992 ut
2187 1925 2364 2013 (85):
2422 1927 2484 1992 h.
2534 1945 2702 1991 mon.
2759 1932 2782 1989 l
2839 1944 2900 2005 p.

355 2023 476 2081 132
512 2022 579 2082 et
618 2035 815 2098 saep„
863 2033 1257 2100 temporaliter
1291 2032 1461 2100 princ.
1498 2033 1541 2098 Ι,
1582 2037 1634 2098 2,
1678 2035 1736 2084 11
1781 2033 1874 2100 (cf.
1914 2045 1946 2087 ο
1981 2032 2090 2086 ind.
2129 2047 2171 2085 s.
2211 2033 2306 2100 u.)‚
2367 2017 2902 2081 *tentamentnmz

348 2108 413 2170 in
458 2107 638 2172 Rom.
674 2105 810 2185 VII,
866 2111 942 2169 12
995 2106 1072 2170 ‘si
1120 2123 1247 2187 qua
1294 2110 1712 2184 tentamenta,
1773 2107 1827 2169 si
1890 2123 2054 2187 quae
2103 2103 2554 2170 tribulationes
2601 2121 2904 2184 superue-

344 2195 601 2274 nerint’,
666 2195 832 2259 *toti
892 2195 1067 2278 (86):
1127 2194 1189 2259 h.
1240 2193 1390 2260 eccl.
1437 2194 1517 2275 X,
1585 2200 1619 2257 7
1687 2194 1956 2259 ‘adferte
2018 2194 2143 2258 huc
2203 2198 2376 2259 totas
2436 2193 2528 2275 (h.
2575 2211 2630 2257 e.
2685 2210 2904 2256 omnes

346 2281 529 2368 tres),
580 2302 742 2364 quae
790 2289 1087 2363 repertae
1136 2288 1305 2361 sunt,
1357 2301 1593 2360 cruces
1644 2287 1731 2363 et,
1780 2301 1944 2364 quae
1979 2283 2069 2348 sit
2105 2301 2270 2364 quae
2301 2282 2660 2364 portauerit
2693 2281 2904 2346 Domi-

343 2392 515 2453 num,
565 2391 731 2438 nunc
778 2372 959 2437 nobis
1006 2372 1341 2452 adaperiet
1371 2371 1565 2438 Deus’
1614 2370 1724 2457 (de
1769 2371 1914 2438 aliis
1959 2371 2116 2436 locis
2161 2372 2372 2436 minus
2401 2370 2654 2453 liquet),
2699 2373 2904 2435 *trac-

345 2467 553 2527 tator:
600 2463 664 2525 in
715 2461 928 2544 Symb.
975 2481 1093 2544 pr.,
1143 2464 1537 2526 *tractatum
1595 2463 1655 2524 in
1707 2460 1920 2526 Leuit.
1969 2461 2031 2526 h.
2089 2466 2186 2542 12,
2242 2465 2267 2522 1
2328 2464 2537 2542 ‘quem
2583 2458 2904 2540 (Saluato-

344 2557 509 2633 rem)
556 2568 707 2614 uere
752 2567 1053 2630 magnum
1102 2551 1499 2615 sacerdotem
1547 2567 1687 2614 esse
1737 2550 2030 2631 superior
2077 2554 2394 2615 tractatus
2451 2549 2776 2627 ostendit’,
2843 2548 2903 2614 h.

346 2637 495 2706 eccl.
542 2639 652 2719 XI,
706 2645 741 2704 9
792 2639 894 2723 al.,
942 2640 1287 2707 *traditioz
1337 2637 1410 2704 cf.
1463 2640 1525 2705 in
1576 2638 1788 2721 Symb.
1830 2643 1910 2704 36
1961 2660 2012 2707 S.
2045 2637 2110 2720 s.,
2161 2640 2360 2723 princ.
2397 2639 2424 2704 Ι
2456 2659 2552 2721 pr.
2591 2644 2648 2719 2,
2697 2644 2904 2705 trans-

344 2730 622 2795 formare
684 2728 907 2815 (108):
970 2731 1173 2811 princ.
1232 2728 1315 2810 Π,
1386 2735 1441 2811 1,
1508 2736 1567 2810 4,
1634 2728 2148 2796 transformatio:
2214 2728 2276 2795 h.
2325 2747 2492 2795 mon.
2549 2733 2576 2793 1
2641 2748 2702 2809 p.
2758 2732 2905 2807 136,

348 2819 845 2898 *transgressioz
908 2820 971 2883 in
1032 2818 1222 2883 Num.
1284 2822 1398 2900 22,
1464 2823 1500 2882 3
1564 2819 1779 2883 ‘etiam
1841 2819 1979 2899 ipse
2041 2817 2314 2904 (Moses)
2373 2817 2906 2897 transgressionis

348 2909 586 2973 crimen
632 2907 923 2987 incurrit,
989 2909 1184 2973 etiam
1232 2908 1370 2987 ipse
1418 2906 1625 2972 factus
1688 2914 1790 2973 est
1852 2908 1970 2972 sub
2033 2908 2339 2989 peccato',
2405 2906 2774 2971 tribulatio:
2834 2910 2908 2969 ut

346 2998 545 3079 princ.
596 2995 711 3077 ΙΙΙ,
767 3003 820 3078 l,
878 3002 953 3059 12
1004 2996 1107 3075 al.,
1169 2996 1461 3061 trinitas:
1523 3001 1595 3060 ut
1659 2997 1722 3059 in
1770 2996 1958 3061 Num.
2014 3003 2068 3074 1,
2121 3002 2180 3077 2,
2244 2998 2444 3077 princ.
2491 2995 2539 3070 Ι,
2594 3001 2651 3075 3,
2716 3000 2775 3075 5,
2845 2998 2902 3056 b.

348 3084 498 3151 eccl.
545 3086 624 3164 X,
677 3091 862 3166 29..,
928 3086 1210 3151 tristari:
1273 3086 1335 3149 h.
1386 3103 1551 3148 mon.
1614 3092 1647 3147 7
1700 3104 1762 3165 p.
1819 3090 1964 3165 154,
2012 3121 2100 3131 --
2162 3084 2451 3158 uelamen
2508 3082 2690 3167 (42):
2759 3087 2902 3161 158,

348 3175 741 3239 uerbositas:
790 3175 1100 3240 enchirid.
1149 3174 1311 3239 Sixti
1360 3179 1503 3252 145,
1552 3174 1761 3237 ueteri
1808 3172 1987 3257 (88):
2035 3174 2130 3237 ita
2175 3173 2308 3237 fere
2357 3179 2424 3239 et
2471 3171 2698 3253 Rufin.,
2749 3190 2804 3237 e.
2853 3190 2905 3234 c.

350 3265 549 3343 princ.
598 3263 677 3342 11,
728 3270 788 3337 4,
848 3270 872 3327 1
927 3264 1006 3329 de
1054 3264 1261 3328 ueteri
1308 3262 1742 3343 Testamento,
1791 3260 1904 3341 111,
1958 3268 2014 3341 2,
2071 3267 2126 3343 1,
2175 3261 2223 3341 Ι,
2278 3267 2336 3342 3,
2378 3269 2432 3343 1,
2482 3262 2706 3327 bened.
2740 3260 2787 3337 I,
2843 3264 2902 3340 4,

348 3354 407 3417 h.
458 3350 603 3417 eccl.
653 3353 764 3433 XI,
817 3357 853 3416 9
902 3371 1019 3432 ex„
1071 3353 1316 3417 *uirtus
1366 3352 1477 3433 (39
1528 3353 1685 3434 sq.):
1735 3350 1811 3416 cf.
1860 3352 2138 3417 uirtutes
2185 3349 2396 3415 facere
2442 3351 2500 3415 h.
2550 3368 2719 3417 mon.
2755 3352 2794 3413 8
2841 3368 2905 3429 p.

353 3448 476 3507 158
530 3445 665 3523 ‘per
712 3460 897 3524 quem
950 3440 1258 3523 plurimas
1306 3442 1581 3507 uirtutes
1626 3439 1888 3506 fecisset
1929 3440 2284 3519 Dominus’,
2335 3445 2372 3504 6
2421 3460 2482 3521 p.
2539 3444 2662 3505 143
2711 3437 2792 3503 al.
2841 3442 2909 3502 et

347 3532 511 3612 sim.,
562 3530 836 3595 uisibilis
884 3531 1056 3613 (64):
1102 3535 1178 3595 ut
1222 3530 1421 3610 princ.
1461 3530 1511 3610 I,
1563 3535 1621 3610 7,
1685 3535 1733 3608 1,
1775 3545 2062 3600 amonim
2097 3545 2266 3613 princ.
2305 3546 2400 3615 IV,
2441 3550 2490 3613 1,
2535 3551 2558 3597 1
2603 3547 2682 3597 ‘ut
2719 3544 2793 3597 ita
2830 3541 2906 3595 di-

348 3635 533 3702 xerim,
572 3634 855 3688 nisibiliter
891 3636 957 3690 de
995 3634 1350 3688 inuisibilibus
1386 3634 1760 3702 pronunciare’
1800 3635 1868 3689 al.
1907 3634 2044 3703 (4³¹²),
2091 3618 2290 3683 ultrix
2321 3616 2498 3704 (34):
2547 3616 2608 3680 h.
2643 3616 2792 3681 eccl.
2826 3615 2904 3694 X,

351 3712 433 3771 29
480 3704 755 3772 flammis
799 3707 1156 3789 ultricibuS,
1206 3708 1597 3773 unanimitas
1645 3708 1823 3794 (38):
1871 3713 1943 3773 ut
1988 3708 2050 3771 in
2101 3706 2314 3788 Symb.
2363 3726 2462 3787 pr.
2514 3711 2574 3787 2,
2622 3704 2906 3784 unigeni·

348 3802 486 3861 tus:
551 3802 625 3860 ut
680 3797 882 3877 princ.
928 3796 978 3877 1,
1032 3802 1089 3875 2,
1152 3802 1173 3859 l
1230 3797 1333 3879 al.,
1398 3796 1828 3863 *uniuersitas
1888 3798 2062 3878 (38):
2125 3796 2190 3859 in
2253 3795 2407 3860 Leu.
2466 3800 2564 3872 12,
2623 3800 2647 3859 1
2703 3794 2903 3858 Deum

348 3892 413 3951 et
459 3892 712 3966 patrem
759 3885 1225 3966 uniuersitatis,
1275 3886 1476 3966 prino.
1529 3885 1575 3965 I,
1633 3892 1686 3963 1,
1741 3890 1778 3950 6
1827 3891 1894 3951 et
1942 3891 2000 3965 3,
2060 3890 2086 3947 1
2140 3884 2242 3965 al.,
2303 3883 2682 3949 uocabulum
2730 3881 2907 3969 (59):

347 3976 409 4037 h.
458 3994 622 4039 mon.
679 3980 751 4037 21
808 3975 1269 4039 monasterium
1335 3978 1433 4038 ‘ex
1478 3975 1732 4039 nomine
1779 3975 1903 4039 uici
1949 3974 2321 4052 adiacentiS,
2385 3976 2449 4038 in
2495 3990 2624 4054 quo
2671 3972 2909 4037 nitrum

352 4062 689 4143 colligitur,
737 4062 991 4127 Nitriae
1037 4062 1417 4128 uocabulum
1462 4061 1772 4145 trahens',
1821 4064 1884 4127 in
1936 4060 2152 4146 Symb.
2201 4068 2241 4128 4
2288 4062 2391 4143 al.,
2453 4062 2774 4127 *uocatioz
2836 4064 2910 4126 ut

351 4151 414 4213 in
462 4152 641 4218 Rom.
688 4152 739 4233 I,
793 4158 829 4217 2
896 4151 1221 4233 ‘possibile
1286 4157 1386 4216 est
1446 4152 1743 4234 aliquem,
1809 4153 1864 4217 si
1925 4151 2277 4230 neglexerit
2337 4151 2694 4219 uocationis
2756 4168 2907 4215 suae

350 4240 645 4319 gratiam,
710 4242 1001 4306 decidere
1060 4260 1137 4305 ex
1201 4240 1317 4320 ea’,
1385 4246 1419 4304 3
1483 4240 1804 4321 generalis
1868 4240 2118 4306 uocatio
2180 4242 2262 4307 ad
2323 4240 2772 4323 apostolatum,
2829 4272 2909 4285 ·-

359 4324 669 4392 ⁵⁰⁰zelari
715 4328 860 4415 (922
911 4329 1227 4395 scribend.
1274 4330 1482 4395 literis
1528 4330 1866 4413 obliquis):
1913 4331 1978 4394 in
2011 4330 2213 4395 Exod.
2251 4336 2311 4411 8,
2349 4338 2385 4395 5
2435 4330 2566 4394 ‘ubi
2613 4326 2910 4391 irascitur

350 4421 417 4481 et
464 4415 730 4498 zelatur,
778 4419 866 4483 ibi
916 4419 1182 4484 adhibet
1228 4418 1482 4484 dolores
1532 4424 1597 4484 et
1642 4419 1934 4483 uerbera’
1984 4419 2065 4482 al.
2083 4420 2170 4501 ³⁶).

530 4622 586 4692 ⁴³)
640 4621 886 4677 Eundem
922 4624 1100 4693 plane,
1150 4638 1309 4692 quem
1344 4622 1401 4675 in
1437 4621 1762 4690 Hieronymo
1799 4638 1861 4675 ac
1899 4622 2093 4676 Rufino
2131 4620 2591 4689 deprehendimuS,
2630 4617 2910 4673 latinitatis

348 4695 713 4750 characterem
759 4693 919 4750 etiam
957 4694 1379 4750 Chromatius
1424 4692 1783 4762 Aquileiensis
1828 4692 2109 4763 episcopus
2124 4734 2138 4762 ,
2189 4692 2400 4761 utrique
2445 4689 2910 4761 familiarissimus,
